1799 2864
194 648 256 674 112

660 199 865 236 VELLEI
896 199 1214 238 PATERCVLI

271 308 479 356 euasimus‚
512 309 698 348 elusimus
728 311 924 360 partibus!
973 320 1120 361 quanto
1159 326 1248 350 cum
1287 320 1595 361 temperamento

273 378 295 413 †
308 374 423 412 simul
439 374 612 414 utilitatis
632 390 691 414 res
706 376 935 414 auctoritate
950 376 1191 426 imperatoris
1211 377 1271 427 agi
1292 377 1462 416 uidimus
1480 382 1486 415 l
1521 391 1596 427 qua

274 439 481 488 prudentia
518 440 679 479 hiberna
713 441 902 490 disposita
933 445 1045 479 sunt!
1093 450 1240 491 quanto
1275 456 1392 492 opere
1426 442 1597 480 inclusus

273 505 461 544 custodiis
481 507 669 545 exercitus
692 507 822 554 nostri,
846 522 894 546 ne
915 521 992 557 qua
1018 516 1149 557 posset
1175 522 1376 558 erumpere
1406 508 1598 557 inopsque

274 570 473 619 copiarum
496 580 533 610 et
553 572 652 610 intra
672 586 712 610 se
732 574 862 610 furens
883 572 1029 610 uiribus
1050 573 1172 611 hostis
1192 575 1504 623 elanguesceret!

330 636 436 674 Felix
461 646 616 684 euentu,
638 639 736 675 sorte
768 645 910 675 conatu
942 637 1066 686 prima
1095 646 1241 676 aestate
1273 637 1363 676 belli
1396 636 1598 675 Messalini

241 715 374 751 20pus
413 704 682 741 mandandum
722 710 779 740 est
818 701 1038 740 memoriae.
1112 701 1178 751 qui
1216 702 1274 739 uir
1310 702 1442 740 animo
1481 701 1597 740 etiam

274 780 392 816 quam
408 776 522 816 gente
544 767 712 805 nobilior
732 766 1062 816 dignissimusque‚
1080 766 1146 816 qui
1163 775 1200 805 et
1216 774 1363 816 patrem
1381 766 1597 806 Coruinum

274 831 474 870 habuisset
512 840 549 870 et
588 845 809 881 cognomen
851 845 965 869 suum
1014 833 1154 871 Cottae
1201 831 1304 869 fratri
1351 831 1595 881 relinqueret,

274 897 516 947 praepositus
539 896 693 946 Illyrico
714 896 842 934 subita
867 896 1080 934 rebellione
1100 910 1190 934 cum
1212 896 1426 945 semiplena
1446 896 1597 946 legione

274 962 462 1000 uicesima
493 961 755 1000 circumdatus
786 961 917 1000 hostili
951 961 1120 1000 exercitu
1143 961 1310 1011 amplius
1338 960 1474 1010 uiginti
1495 961 1600 999 milia

278 1025 483 1078 [hostium]
505 1026 605 1064 fudit
625 1026 852 1076 fugauitque
869 1034 906 1064 et
922 1027 974 1064 ob
991 1026 1030 1064 id
1047 1025 1285 1064 ornamentis
1302 1025 1600 1075 triumphalibus

241 1093 490 1133 3honoratus
523 1101 591 1131 est.
669 1093 722 1131 ita
755 1095 933 1143 placebat
972 1093 1143 1132 barbaris
1183 1107 1367 1132 numerus
1406 1107 1509 1139 suus,
1550 1093 1601 1131 ita

277 1157 420 1195 fiducia
458 1157 610 1204 uirium,
651 1166 692 1196 ut
734 1158 975 1208 ubicumque
1014 1160 1158 1198 Caesar
1196 1166 1307 1205 esset,
1348 1158 1445 1196 nihil
1483 1158 1522 1195 in
1561 1173 1601 1195 se

277 1230 518 1271 reponerent.
579 1236 665 1272 pars
699 1223 888 1261 exercitus
921 1237 1067 1271 eorum,
1101 1223 1300 1273 proposita
1333 1223 1405 1273 ipsi
1439 1223 1530 1261 duci
1565 1232 1635 1261 et:

276 1287 325 1324 ad
356 1286 557 1324 arbitrium
592 1287 877 1337 utilitatemque
907 1296 1079 1326 nostram
1114 1296 1307 1326 macerata
1336 1288 1602 1337 perductaque

275 1353 326 1389 ad
348 1351 583 1390 exitiabilem
605 1353 760 1399 famem,
784 1366 912 1402 neque
933 1353 1142 1391 instantem
1164 1353 1353 1391 sustinere
1374 1366 1503 1402 neque
1526 1354 1602 1396 †ut

276 1415 509 1454 facientibus
544 1416 698 1466 copiam
733 1417 934 1466 pugnandi
968 1416 1313 1466 derigentibusque
1351 1417 1475 1455 aciem
1509 1430 1603 1454 ausa

277 1481 463 1530 congredi
492 1489 686 1530 occupato
721 1489 854 1519 monte
889 1481 1057 1520 Claudio
1088 1481 1305 1519 munitione
1340 1495 1380 1519 se
1414 1480 1600 1519 defendit.

277 1553 315 1584 at
350 1559 395 1584 ea
428 1559 527 1595 pam,
560 1560 661 1595 quae
692 1546 851 1585 obuiam
883 1560 924 1584 se
956 1548 1143 1585 effuderat
1175 1546 1368 1593 exercitui,
1405 1559 1523 1595 quem
1555 1548 1599 1584 A.

279 1610 450 1649 Caecina
488 1618 526 1648 et
560 1610 741 1648 Siluanus
781 1610 954 1649 Plautius
993 1612 1216 1649 consulares
1255 1624 1301 1648 ex
1339 1610 1603 1648 transmarinis

277 1675 529 1713 adducebant
585 1675 808 1725 prouinciis,
864 1675 1099 1714 circumfusa
1154 1675 1328 1725 quinque
1385 1674 1603 1724 legionibus

325 1788 337 1807 1
365 1779 534 1807 euasimus
550 1784 710 1818 suprascr.
730 1779 801 1809 eius
819 1779 904 1809 imus
920 1779 953 1808 A
972 1791 978 1809 :
1003 1779 1172 1809 euasimus
1188 1778 1270 1808 PB:
1299 1779 1477 1808 uniuersas
1494 1779 1604 1808 euasi-

278 1831 363 1857 mus,
389 1821 549 1851 clusimus
573 1822 724 1861 partibus
768 1822 911 1852 leomas
931 1826 963 1861 p.
983 1833 1034 1861 29,
1059 1823 1125 1852 lie.
1153 1823 1366 1851 ‘uniuersum
1393 1822 1516 1851 hostem
1539 1823 1607 1852 sinc

277 1864 401 1894 damno
417 1865 631 1903 madentibus,
651 1866 744 1895 sicuti
762 1869 871 1895 lamen
880 1866 959 1905 fieri
970 1869 1104 1905 poterat,
1124 1866 1278 1905 paruulis
1294 1865 1424 1904 proeliis
1439 1876 1604 1895 concursa-

278 1908 418 1937 tionibus
441 1908 657 1938 eludenlibus'
800 1909 977 1948 :asomasse
1002 1909 1199 1939 simulatae:
1239 1919 1389 1938 summae
1417 1908 1604 1938 Mommsen

278 1952 433 1981 utilitatis
449 1951 526 1990 ΑΡ,
546 1952 636 1990 qnod
651 1963 689 1981 ex
710 1962 777 1989 127.
806 1962 824 1981 2
849 1953 1025 1983 utilitatem
1049 1953 1248 1982 auctoritate
1275 1952 1394 1981 muniri
1420 1952 1605 1982 umdicaui:

279 1995 449 2024 eiuilitatis
482 1994 645 2025 Ruhnken
678 1999 705 2024 ct
737 1995 898 2036 Madutg:
938 1996 1034 2026 simul
1070 1996 1140 2026 util.
1167 1995 1370 2034 reipublicae
1402 2000 1435 2025 et
1463 1996 1605 2026 auctori-

279 2038 357 2068 tatis
382 2038 595 2077 imperatoris
618 2038 713 2068 Kritz·
867 2051 886 2078 4
902 2040 1048 2079 fortasse
1070 2044 1106 2069 ut
1138 2049 1181 2068 ne
1344 2040 1364 2068 6
1388 2039 1474 2069 sorte
1505 2044 1606 2078 supra

279 2092 413 2111 uersum
443 2082 536 2111 habet
560 2081 593 2111 A
729 2084 748 2112 8
772 2093 837 2121 que
869 2083 992 2113 addidit
1021 2082 1178 2112 Heinsius
1313 2092 1347 2111 11
1374 2083 1515 2121 amplius
1547 2082 1605 2112 H.

279 2125 427 2155 hostium
444 2124 495 2155 P:
535 2136 555 2155 a
580 2136 610 2154 m
635 2125 681 2154 H
706 2126 751 2164 A,
769 2126 858 2165 quod
877 2127 958 2156 sitne
984 2126 1126 2165 amplius
1149 2126 1236 2155 milia
1263 2126 1382 2163 uiginti
1403 2136 1447 2155 an
1468 2126 1608 2165 amplius

279 2169 399 2207 uiginti
426 2169 517 2198 milia
544 2169 732 2208 ambigitur.
780 2169 873 2199 Num
898 2171 939 2200 ad
964 2180 1008 2199 xx
1033 2170 1145 2199 milia?
1281 2171 1322 2199 16
1338 2173 1415 2209 post
1435 2169 1606 2199 arbitrium

279 2211 417 2241 deletum
435 2216 479 2241 es!
495 2213 527 2241 in
545 2212 577 2241 A
597 2212 690 2242 ducis
831 2223 867 2251 17
889 2214 1052 2243 instantes
1069 2212 1240 2242 Acidalius
1366 2219 1401 2243 ut
1419 2211 1506 2243 AP:
1531 2223 1605 2242 cum

280 2255 459 2286 Ruhnken:
475 2256 619 2294 sortasse
642 2256 767 2286 nostris
874 2258 912 2286 18
937 2256 1168 2295 derigentibus
1184 2266 1270 2294 quae
1288 2256 1319 2285 A
1338 2267 1345 2286 ε
1371 2256 1606 2292 dirigentibus-

279 2309 344 2337 que
362 2298 427 2327 BP
491 2299 597 2329 aciem
609 2304 769 2339 suprascr.
789 2300 893 2330 aciam
911 2300 942 2329 A
959 2312 964 2331 :
994 2300 1098 2329 aciem
1115 2298 1147 2328 Β
1162 2311 1168 2329 :
1193 2299 1294 2329 etiam
1306 2299 1344 2337 P,
1363 2298 1608 2329 sedezcnanus

280 2343 312 2371 in
331 2353 437 2381 marg.
460 2344 467 2357 ‘
480 2342 561 2372 alias
578 2343 685 2373 aciem
699 2342 705 2354 ’
719 2354 724 2373 :
740 2343 884 2382 sortasse
899 2353 935 2373 ac
954 2344 1021 2375 (uel
1034 2344 1149 2382 atque)
1169 2343 1233 2372 iam
1252 2342 1482 2380 derigentibus
1499 2343 1604 2372 aciem

279 2396 322 2416 20
345 2390 378 2415 at
396 2396 436 2415 ea
453 2385 486 2414 Β
507 2390 535 2415 et
550 2385 734 2416 Rhenanus
755 2387 789 2416 in
813 2398 918 2427 matg.
937 2386 988 2417 P:
1026 2387 1132 2417 altera
1148 2386 1180 2415 A
1198 2396 1205 2415 z
1240 2391 1340 2416 antea
1363 2385 1397 2415 P
1489 2396 1555 2423 que
1572 2386 1603 2415 A

281 2439 317 2458 21
347 2429 504 2459 Plancius
521 2429 554 2459 A
708 2440 749 2460 22
774 2431 900 2460 circum
924 2429 975 2461 P:
1009 2440 1102 2460 raum
1128 2431 1258 2469 (craum
1282 2430 1420 2468 Feclztcr)
1445 2433 1606 2468 suprascr.

279 2473 404 2503 circum
422 2472 453 2502 A

910 2533 968 2555 122

1624 915 1660 937 10

1627 1563 1665 1583 20
