<?xml version="1.0" encoding="UTF-8"?>
<!DOCTYPE html PUBLIC "-//W3C//DTD XHTML 1.0 Transitional//EN"
    "http://www.w3.org/TR/xhtml1/DTD/xhtml1-transitional.dtd">
<html xmlns="http://www.w3.org/1999/xhtml" xml:lang="en" lang="en">
 <head>
  <title>
</title>
<meta http-equiv="Content-Type" content="text/html;charset=utf-8" />
  <meta name='ocr-system' content='tesseract 3.04.00' />
  <meta name='ocr-capabilities' content='ocr_page ocr_carea ocr_par ocr_line ocrx_word'/>
</head>
<body>
  <div class='ocr_page' id='page_1' title='image "admvinciumlibrid00velluoft_0101.png"; bbox 0 0 1799 2864; ppageno 0'>
   <div class='ocr_carea' id='block_1_1' title="bbox 715 227 957 266">
    <p class='ocr_par' dir='ltr' id='par_1_1' title="bbox 715 227 957 266">
     <span class='ocr_line' id='line_1_1' title="bbox 715 227 957 266; baseline 0 -1"><span class='ocrx_word' id='word_1_1' title='bbox 715 227 885 265; x_wconf 89' lang='lat' dir='ltr'><strong>LIBER</strong></span> <span class='ocrx_word' id='word_1_2' title='bbox 915 229 957 266; x_wconf 93' lang='lat' dir='ltr'>II</span> 
     </span>
    </p>
   </div>
   <div class='ocr_carea' id='block_1_2' title="bbox 125 325 1578 1670">
    <p class='ocr_par' dir='ltr' id='par_1_2' title="bbox 125 325 1578 1670">
     <span class='ocr_line' id='line_1_2' title="bbox 185 325 1501 377; baseline 0 -13"><span class='ocrx_word' id='word_1_3' title='bbox 185 327 329 375; x_wconf 88' lang='lat' dir='ltr'>(neque</span> <span class='ocrx_word' id='word_1_4' title='bbox 360 327 535 364; x_wconf 88' lang='lat' dir='ltr'>hercules</span> <span class='ocrx_word' id='word_1_5' title='bbox 555 325 770 374; x_wconf 85' lang='lat' dir='ltr'>quidquam</span> <span class='ocrx_word' id='word_1_6' title='bbox 798 325 970 374; x_wconf 85' lang='lat' dir='ltr'>partibus</span> <span class='ocrx_word' id='word_1_7' title='bbox 991 325 1064 363; x_wconf 91' lang='lat' dir='ltr'>illis</span> <span class='ocrx_word' id='word_1_8' title='bbox 1094 326 1283 364; x_wconf 84' lang='lat' dir='ltr'>salubrius</span> <span class='ocrx_word' id='word_1_9' title='bbox 1304 326 1403 377; x_wconf 87' lang='lat' dir='ltr'>fuit),</span> <span class='ocrx_word' id='word_1_10' title='bbox 1425 326 1501 373; x_wconf 89' lang='lat' dir='ltr'>alii,</span> 
     </span>
     <span class='ocr_line' id='line_1_3' title="bbox 184 389 1501 440; baseline 0.001 -12"><span class='ocrx_word' id='word_1_11' title='bbox 184 399 225 428; x_wconf 88' lang='lat' dir='ltr'>ut</span> <span class='ocrx_word' id='word_1_12' title='bbox 257 391 402 428; x_wconf 90' lang='lat' dir='ltr'>bellum</span> <span class='ocrx_word' id='word_1_13' title='bbox 434 391 610 436; x_wconf 88' lang='lat' dir='ltr'>traheret,</span> <span class='ocrx_word' id='word_1_14' title='bbox 632 391 740 438; x_wconf 93' lang='lat' dir='ltr'>quod</span> <span class='ocrx_word' id='word_1_15' title='bbox 771 389 997 438; x_wconf 81' lang='lat' dir='ltr'>dignatione</span> <span class='ocrx_word' id='word_1_16' title='bbox 1028 390 1194 439; x_wconf 85' lang='lat' dir='ltr'>partium</span> <span class='ocrx_word' id='word_1_17' title='bbox 1226 391 1265 428; x_wconf 93' lang='lat' dir='ltr'>in</span> <span class='ocrx_word' id='word_1_18' title='bbox 1297 391 1379 429; x_wconf 90' lang='lat' dir='ltr'>dies</span> <span class='ocrx_word' id='word_1_19' title='bbox 1409 391 1501 440; x_wconf 90' lang='lat' dir='ltr'>ipsis</span> 
     </span>
     <span class='ocr_line' id='line_1_4' title="bbox 185 453 1499 504; baseline 0.002 -13"><span class='ocrx_word' id='word_1_20' title='bbox 185 455 305 504; x_wconf 85' lang='lat' dir='ltr'>magis</span> <span class='ocrx_word' id='word_1_21' title='bbox 326 467 552 503; x_wconf 89' lang='lat' dir='ltr'>prosperum</span> <span class='ocrx_word' id='word_1_22' title='bbox 574 455 691 500; x_wconf 85' lang='lat' dir='ltr'>fieret,</span> <span class='ocrx_word' id='word_1_23' title='bbox 709 467 801 491; x_wconf 89' lang='lat' dir='ltr'>usus</span> <span class='ocrx_word' id='word_1_24' title='bbox 822 453 969 502; x_wconf 89' lang='lat' dir='ltr'>impetu</span> <span class='ocrx_word' id='word_1_25' title='bbox 991 468 1061 492; x_wconf 93' lang='lat' dir='ltr'>suo</span> <span class='ocrx_word' id='word_1_26' title='bbox 1082 456 1234 493; x_wconf 89' lang='lat' dir='ltr'>hostem</span> <span class='ocrx_word' id='word_1_27' title='bbox 1256 463 1411 493; x_wconf 87' lang='lat' dir='ltr'>secutus</span> <span class='ocrx_word' id='word_1_28' title='bbox 1432 463 1499 493; x_wconf 88' lang='lat' dir='ltr'>est.</span> 
     </span>
     <span class='ocr_line' id='line_1_5' title="bbox 183 518 1540 561; baseline 0 -5"><span class='ocrx_word' id='word_1_29' title='bbox 183 519 306 556; x_wconf 83' lang='lat' dir='ltr'>aciem</span> <span class='ocrx_word' id='word_1_30' title='bbox 329 518 588 555; x_wconf 81' lang='lat' dir='ltr'>Pharsalicam</span> <span class='ocrx_word' id='word_1_31' title='bbox 609 526 647 555; x_wconf 92' lang='lat' dir='ltr'>et</span> <span class='ocrx_word' id='word_1_32' title='bbox 673 518 781 555; x_wconf 92' lang='lat' dir='ltr'>illum</span> <span class='ocrx_word' id='word_1_33' title='bbox 809 518 1122 556; x_wconf 87' lang='lat' dir='ltr'>cruentissimum</span> <span class='ocrx_word' id='word_1_34' title='bbox 1149 521 1332 557; x_wconf 84' lang='lat' dir='ltr'>Romano</span> <span class='ocrx_word' id='word_1_35' title='bbox 1353 519 1503 557; x_wconf 87' lang='lat' dir='ltr'>nomini</span> <span class='ocrx_word' id='word_1_36' title='bbox 1523 531 1540 561; x_wconf 82' lang='lat'>3</span> 
     </span>
     <span class='ocr_line' id='line_1_6' title="bbox 147 581 1504 632; baseline 0.001 -13"><span class='ocrx_word' id='word_1_37' title='bbox 147 596 163 625; x_wconf 83' lang='lat'>5</span> <span class='ocrx_word' id='word_1_38' title='bbox 184 582 287 620; x_wconf 92' lang='lat' dir='ltr'>diem</span> <span class='ocrx_word' id='word_1_39' title='bbox 309 590 539 631; x_wconf 89' lang='lat' dir='ltr'>tantumque</span> <span class='ocrx_word' id='word_1_40' title='bbox 565 581 765 631; x_wconf 89' lang='lat' dir='ltr'>utriusque</span> <span class='ocrx_word' id='word_1_41' title='bbox 791 582 979 620; x_wconf 84' lang='lat' dir='ltr'>exercitus</span> <span class='ocrx_word' id='word_1_42' title='bbox 1006 584 1207 632; x_wconf 86' lang='lat' dir='ltr'>profusum</span> <span class='ocrx_word' id='word_1_43' title='bbox 1240 583 1436 632; x_wconf 83' lang='lat' dir='ltr'>sanguinis</span> <span class='ocrx_word' id='word_1_44' title='bbox 1466 592 1504 621; x_wconf 89' lang='lat' dir='ltr'>et</span> 
     </span>
     <span class='ocr_line' id='line_1_7' title="bbox 184 646 1503 697; baseline 0.002 -14"><span class='ocrx_word' id='word_1_45' title='bbox 184 646 317 684; x_wconf 87' lang='lat' dir='ltr'>collisa</span> <span class='ocrx_word' id='word_1_46' title='bbox 339 646 438 684; x_wconf 89' lang='lat' dir='ltr'>inter</span> <span class='ocrx_word' id='word_1_47' title='bbox 464 659 505 684; x_wconf 93' lang='lat' dir='ltr'>se</span> <span class='ocrx_word' id='word_1_48' title='bbox 525 647 605 684; x_wconf 92' lang='lat' dir='ltr'>duo</span> <span class='ocrx_word' id='word_1_49' title='bbox 625 646 678 684; x_wconf 92' lang='lat' dir='ltr'>rei</span> <span class='ocrx_word' id='word_1_50' title='bbox 698 646 879 695; x_wconf 90' lang='lat' dir='ltr'>publicae</span> <span class='ocrx_word' id='word_1_51' title='bbox 899 646 1027 695; x_wconf 87' lang='lat' dir='ltr'>capita</span> <span class='ocrx_word' id='word_1_52' title='bbox 1052 648 1316 697; x_wconf 87' lang='lat' dir='ltr'>effossumque</span> <span class='ocrx_word' id='word_1_53' title='bbox 1339 649 1503 685; x_wconf 84' lang='lat' dir='ltr'>alterurn</span> 
     </span>
     <span class='ocr_line' id='line_1_8' title="bbox 185 710 1502 761; baseline 0.001 -13"><span class='ocrx_word' id='word_1_54' title='bbox 185 710 355 749; x_wconf 89' lang='lat' dir='ltr'>Romani</span> <span class='ocrx_word' id='word_1_55' title='bbox 381 710 518 760; x_wconf 91' lang='lat' dir='ltr'>imperi</span> <span class='ocrx_word' id='word_1_56' title='bbox 538 712 682 757; x_wconf 88' lang='lat' dir='ltr'>lumen,</span> <span class='ocrx_word' id='word_1_57' title='bbox 705 718 761 748; x_wconf 89' lang='lat' dir='ltr'>tot</span> <span class='ocrx_word' id='word_1_58' title='bbox 788 710 953 760; x_wconf 89' lang='lat' dir='ltr'>talisque</span> <span class='ocrx_word' id='word_1_59' title='bbox 983 711 1310 760; x_wconf 86' lang='lat' dir='ltr'>Pompeianarum</span> <span class='ocrx_word' id='word_1_60' title='bbox 1336 711 1502 761; x_wconf 85' lang='lat' dir='ltr'>partium</span> 
     </span>
     <span class='ocr_line' id='line_1_9' title="bbox 183 775 1500 825; baseline 0.001 -13"><span class='ocrx_word' id='word_1_61' title='bbox 183 788 317 813; x_wconf 90' lang='lat' dir='ltr'>caesos</span> <span class='ocrx_word' id='word_1_62' title='bbox 348 775 451 812; x_wconf 89' lang='lat' dir='ltr'>uiros</span> <span class='ocrx_word' id='word_1_63' title='bbox 482 788 562 812; x_wconf 90' lang='lat' dir='ltr'>non</span> <span class='ocrx_word' id='word_1_64' title='bbox 594 775 729 824; x_wconf 83' lang='lat' dir='ltr'>recipit</span> <span class='ocrx_word' id='word_1_65' title='bbox 760 776 975 813; x_wconf 85' lang='lat' dir='ltr'>enarranda</span> <span class='ocrx_word' id='word_1_66' title='bbox 1008 775 1071 813; x_wconf 89' lang='lat' dir='ltr'>hic</span> <span class='ocrx_word' id='word_1_67' title='bbox 1104 776 1315 825; x_wconf 80' lang='lat' dir='ltr'>scripturae</span> <span class='ocrx_word' id='word_1_68' title='bbox 1349 777 1500 814; x_wconf 89' lang='lat' dir='ltr'>modus.</span> 
     </span>
     <span class='ocr_line' id='line_1_10' title="bbox 183 839 1543 888; baseline 0.001 -12"><span class='ocrx_word' id='word_1_69' title='bbox 183 839 278 877; x_wconf 92' lang='lat' dir='ltr'>illud</span> <span class='ocrx_word' id='word_1_70' title='bbox 299 840 517 877; x_wconf 91' lang='lat' dir='ltr'>notandum</span> <span class='ocrx_word' id='word_1_71' title='bbox 544 848 624 877; x_wconf 88' lang='lat' dir='ltr'>est:</span> <span class='ocrx_word' id='word_1_72' title='bbox 655 847 696 877; x_wconf 90' lang='lat' dir='ltr'>ut</span> <span class='ocrx_word' id='word_1_73' title='bbox 716 839 885 888; x_wconf 90' lang='lat' dir='ltr'>primum</span> <span class='ocrx_word' id='word_1_74' title='bbox 913 841 956 879; x_wconf 91' lang='lat' dir='ltr'>C.</span> <span class='ocrx_word' id='word_1_75' title='bbox 981 841 1124 879; x_wconf 82' lang='lat' dir='ltr'>Caesar</span> <span class='ocrx_word' id='word_1_76' title='bbox 1149 840 1375 878; x_wconf 83' lang='lat' dir='ltr'>inclinatam</span> <span class='ocrx_word' id='word_1_77' title='bbox 1406 839 1504 878; x_wconf 90' lang='lat' dir='ltr'>uidit</span> <span class='ocrx_word' id='word_1_78' title='bbox 1523 855 1543 884; x_wconf 82' lang='lat'>4</span> 
     </span>
     <span class='ocr_line' id='line_1_11' title="bbox 125 904 1505 954; baseline 0.001 -13"><span class='ocrx_word' id='word_1_79' title='bbox 125 916 163 937; x_wconf 94' lang='lat'>10</span> <span class='ocrx_word' id='word_1_80' title='bbox 183 904 511 953; x_wconf 87' lang='lat' dir='ltr'>Pompeianorum</span> <span class='ocrx_word' id='word_1_81' title='bbox 528 904 664 950; x_wconf 84' lang='lat' dir='ltr'>aciem,</span> <span class='ocrx_word' id='word_1_82' title='bbox 679 917 807 954; x_wconf 89' lang='lat' dir='ltr'>neque</span> <span class='ocrx_word' id='word_1_83' title='bbox 820 904 924 953; x_wconf 92' lang='lat' dir='ltr'>prius</span> <span class='ocrx_word' id='word_1_84' title='bbox 938 917 1066 954; x_wconf 90' lang='lat' dir='ltr'>neque</span> <span class='ocrx_word' id='word_1_85' title='bbox 1078 904 1275 954; x_wconf 87' lang='lat' dir='ltr'>antiquius</span> <span class='ocrx_word' id='word_1_86' title='bbox 1288 904 1505 954; x_wconf 88' lang='lat' dir='ltr'>quidquam</span> 
     </span>
     <span class='ocr_line' id='line_1_12' title="bbox 183 968 1505 1018; baseline 0.001 -13"><span class='ocrx_word' id='word_1_87' title='bbox 183 968 330 1015; x_wconf 85' lang='lat' dir='ltr'>habuit,</span> <span class='ocrx_word' id='word_1_88' title='bbox 371 982 488 1018; x_wconf 87' lang='lat' dir='ltr'>quam</span> <span class='ocrx_word' id='word_1_89' title='bbox 527 974 572 1005; x_wconf 76' lang='lat' dir='ltr'>ut</span> <span class='ocrx_word' id='word_1_90' title='bbox 606 968 813 1006; x_wconf 85' lang='lat' dir='ltr'>incolumis</span> <span class='ocrx_word' id='word_1_91' title='bbox 855 968 984 1018; x_wconf 86' lang='lat' dir='ltr'>partis,</span> <span class='ocrx_word' id='word_1_92' title='bbox 1025 976 1066 1006; x_wconf 90' lang='lat' dir='ltr'>ut</span> <span class='ocrx_word' id='word_1_93' title='bbox 1105 968 1258 1006; x_wconf 87' lang='lat' dir='ltr'>militari</span> <span class='ocrx_word' id='word_1_94' title='bbox 1296 969 1418 1007; x_wconf 86' lang='lat' dir='ltr'>uerbo</span> <span class='ocrx_word' id='word_1_95' title='bbox 1460 982 1505 1006; x_wconf 82' lang='lat' dir='ltr'>ex</span> 
     </span>
     <span class='ocr_line' id='line_1_13' title="bbox 183 1033 1541 1084; baseline 0.001 -13"><span class='ocrx_word' id='word_1_96' title='bbox 183 1034 468 1072; x_wconf 88' lang='lat' dir='ltr'>consuetudine</span> <span class='ocrx_word' id='word_1_97' title='bbox 500 1041 594 1080; x_wconf 87' lang='lat' dir='ltr'>utar,</span> <span class='ocrx_word' id='word_1_98' title='bbox 628 1033 849 1072; x_wconf 88' lang='lat' dir='ltr'>dimitteret.</span> <span class='ocrx_word' id='word_1_99' title='bbox 920 1047 989 1083; x_wconf 93' lang='lat' dir='ltr'>pro</span> <span class='ocrx_word' id='word_1_100' title='bbox 1028 1033 1081 1072; x_wconf 91' lang='lat' dir='ltr'>dii</span> <span class='ocrx_word' id='word_1_101' title='bbox 1120 1034 1356 1081; x_wconf 80' lang='lat' dir='ltr'>inmortales,</span> <span class='ocrx_word' id='word_1_102' title='bbox 1397 1035 1541 1084; x_wconf 86' lang='lat' dir='ltr'>quod5</span> 
     </span>
     <span class='ocr_line' id='line_1_14' title="bbox 182 1099 1505 1148; baseline 0.001 -12"><span class='ocrx_word' id='word_1_103' title='bbox 182 1099 297 1137; x_wconf 90' lang='lat' dir='ltr'>huius</span> <span class='ocrx_word' id='word_1_104' title='bbox 328 1099 540 1137; x_wconf 88' lang='lat' dir='ltr'>uoluntatis</span> <span class='ocrx_word' id='word_1_105' title='bbox 571 1112 660 1148; x_wconf 84' lang='lat' dir='ltr'>erga</span> <span class='ocrx_word' id='word_1_106' title='bbox 692 1101 855 1136; x_wconf 87' lang='lat' dir='ltr'>Brutum</span> <span class='ocrx_word' id='word_1_107' title='bbox 889 1113 982 1137; x_wconf 85' lang='lat' dir='ltr'>suae</span> <span class='ocrx_word' id='word_1_108' title='bbox 1015 1108 1151 1148; x_wconf 90' lang='lat' dir='ltr'>postea</span> <span class='ocrx_word' id='word_1_109' title='bbox 1189 1099 1246 1137; x_wconf 92' lang='lat' dir='ltr'>uir</span> <span class='ocrx_word' id='word_1_110' title='bbox 1284 1107 1363 1137; x_wconf 86' lang='lat' dir='ltr'>tam</span> <span class='ocrx_word' id='word_1_111' title='bbox 1402 1099 1505 1138; x_wconf 88' lang='lat' dir='ltr'>mitis</span> 
     </span>
     <span class='ocr_line' id='line_1_15' title="bbox 182 1163 1543 1213; baseline 0.001 -12"><span class='ocrx_word' id='word_1_112' title='bbox 182 1163 349 1212; x_wconf 89' lang='lat' dir='ltr'>pretium</span> <span class='ocrx_word' id='word_1_113' title='bbox 370 1163 456 1201; x_wconf 90' lang='lat' dir='ltr'>tulit</span> <span class='ocrx_word' id='word_1_114' title='bbox 473 1167 479 1201; x_wconf 81' lang='lat'>1</span> <span class='ocrx_word' id='word_1_115' title='bbox 510 1163 604 1200; x_wconf 89' lang='lat' dir='ltr'>nihil</span> <span class='ocrx_word' id='word_1_116' title='bbox 625 1165 665 1201; x_wconf 84' lang='lat' dir='ltr'>in</span> <span class='ocrx_word' id='word_1_117' title='bbox 682 1163 746 1201; x_wconf 85' lang='lat' dir='ltr'>illa</span> <span class='ocrx_word' id='word_1_118' title='bbox 761 1163 923 1201; x_wconf 83' lang='lat' dir='ltr'>uictoria</span> <span class='ocrx_word' id='word_1_119' title='bbox 939 1163 1162 1210; x_wconf 85' lang='lat' dir='ltr'>mirabilius,</span> <span class='ocrx_word' id='word_1_120' title='bbox 1181 1164 1504 1213; x_wconf 82' lang='lat' dir='ltr'>magnificentiuS,</span> <span class='ocrx_word' id='word_1_121' title='bbox 1525 1171 1543 1202; x_wconf 92' lang='lat'><strong>6</strong></span> 
     </span>
     <span class='ocr_line' id='line_1_16' title="bbox 125 1229 1505 1279; baseline 0.001 -13"><span class='ocrx_word' id='word_1_122' title='bbox 125 1241 161 1271; x_wconf 82' lang='lat'>15</span> <span class='ocrx_word' id='word_1_123' title='bbox 184 1229 322 1267; x_wconf 91' lang='lat' dir='ltr'>clarius</span> <span class='ocrx_word' id='word_1_124' title='bbox 353 1229 434 1275; x_wconf 89' lang='lat' dir='ltr'>fuit,</span> <span class='ocrx_word' id='word_1_125' title='bbox 469 1242 585 1278; x_wconf 90' lang='lat' dir='ltr'>quam</span> <span class='ocrx_word' id='word_1_126' title='bbox 618 1230 726 1278; x_wconf 91' lang='lat' dir='ltr'>quod</span> <span class='ocrx_word' id='word_1_127' title='bbox 757 1229 956 1267; x_wconf 88' lang='lat' dir='ltr'>neminem</span> <span class='ocrx_word' id='word_1_128' title='bbox 994 1229 1068 1267; x_wconf 90' lang='lat' dir='ltr'>nisi</span> <span class='ocrx_word' id='word_1_129' title='bbox 1105 1229 1188 1267; x_wconf 89' lang='lat' dir='ltr'>acie</span> <span class='ocrx_word' id='word_1_130' title='bbox 1227 1238 1505 1279; x_wconf 90' lang='lat' dir='ltr'>consumptum</span> 
     </span>
     <span class='ocr_line' id='line_1_17' title="bbox 183 1292 1506 1343; baseline 0.002 -13"><span class='ocrx_word' id='word_1_131' title='bbox 183 1293 311 1331; x_wconf 88' lang='lat' dir='ltr'>ciuem</span> <span class='ocrx_word' id='word_1_132' title='bbox 332 1293 454 1342; x_wconf 82' lang='lat' dir='ltr'>patria</span> <span class='ocrx_word' id='word_1_133' title='bbox 474 1292 732 1331; x_wconf 90' lang='lat' dir='ltr'>desiderauit:</span> <span class='ocrx_word' id='word_1_134' title='bbox 763 1294 833 1331; x_wconf 91' lang='lat' dir='ltr'>sed</span> <span class='ocrx_word' id='word_1_135' title='bbox 860 1307 1001 1331; x_wconf 91' lang='lat' dir='ltr'>munus</span> <span class='ocrx_word' id='word_1_136' title='bbox 1029 1293 1316 1332; x_wconf 88' lang='lat' dir='ltr'>misericordiae</span> <span class='ocrx_word' id='word_1_137' title='bbox 1336 1294 1506 1343; x_wconf 89' lang='lat' dir='ltr'>corrupit</span> 
     </span>
     <span class='ocr_line' id='line_1_18' title="bbox 183 1358 1506 1409; baseline 0.002 -13"><span class='ocrx_word' id='word_1_138' title='bbox 183 1359 404 1409; x_wconf 87' lang='lat' dir='ltr'>pertinacia,</span> <span class='ocrx_word' id='word_1_139' title='bbox 427 1372 516 1397; x_wconf 89' lang='lat' dir='ltr'>cum</span> <span class='ocrx_word' id='word_1_140' title='bbox 538 1358 721 1396; x_wconf 90' lang='lat' dir='ltr'>libentius</span> <span class='ocrx_word' id='word_1_141' title='bbox 742 1358 862 1396; x_wconf 85' lang='lat' dir='ltr'>uitam</span> <span class='ocrx_word' id='word_1_142' title='bbox 890 1359 1014 1398; x_wconf 91' lang='lat' dir='ltr'>uictor</span> <span class='ocrx_word' id='word_1_143' title='bbox 1034 1359 1111 1397; x_wconf 87' lang='lat' dir='ltr'>iam</span> <span class='ocrx_word' id='word_1_144' title='bbox 1132 1361 1251 1407; x_wconf 86' lang='lat' dir='ltr'>daret,</span> <span class='ocrx_word' id='word_1_145' title='bbox 1273 1373 1391 1409; x_wconf 89' lang='lat' dir='ltr'>quarn</span> <span class='ocrx_word' id='word_1_146' title='bbox 1413 1359 1506 1398; x_wconf 92' lang='lat' dir='ltr'>uicti</span> 
     </span>
     <span class='ocr_line' id='line_1_19' title="bbox 182 1426 413 1475; baseline -0.009 -11"><span class='ocrx_word' id='word_1_147' title='bbox 182 1426 413 1475; x_wconf 79' lang='lat' dir='ltr'>acciperent.</span> 
     </span>
     <span class='ocr_line' id='line_1_20' title="bbox 237 1491 1578 1541; baseline 0.001 -13"><span class='ocrx_word' id='word_1_148' title='bbox 237 1491 448 1540; x_wconf 87' lang='lat' dir='ltr'>Pompeius</span> <span class='ocrx_word' id='word_1_149' title='bbox 478 1491 701 1540; x_wconf 87' lang='lat' dir='ltr'>profugiens</span> <span class='ocrx_word' id='word_1_150' title='bbox 730 1505 820 1529; x_wconf 91' lang='lat' dir='ltr'>cum</span> <span class='ocrx_word' id='word_1_151' title='bbox 850 1492 1006 1530; x_wconf 86' lang='lat' dir='ltr'>duobus</span> <span class='ocrx_word' id='word_1_152' title='bbox 1037 1492 1212 1530; x_wconf 88' lang='lat' dir='ltr'>Lentulis</span> <span class='ocrx_word' id='word_1_153' title='bbox 1237 1492 1506 1530; x_wconf 83' lang='lat' dir='ltr'>consularibus</span> <span class='ocrx_word' id='word_1_154' title='bbox 1526 1503 1578 1541; x_wconf 89' lang='lat'>53</span> 
     </span>
     <span class='ocr_line' id='line_1_21' title="bbox 127 1555 1507 1605; baseline 0.002 -13"><span class='ocrx_word' id='word_1_155' title='bbox 127 1567 165 1588; x_wconf 78' lang='lat'>20</span> <span class='ocrx_word' id='word_1_156' title='bbox 186 1556 381 1604; x_wconf 84' lang='lat' dir='ltr'>Sextoque</span> <span class='ocrx_word' id='word_1_157' title='bbox 402 1556 481 1594; x_wconf 88' lang='lat' dir='ltr'>filio</span> <span class='ocrx_word' id='word_1_158' title='bbox 502 1563 539 1593; x_wconf 89' lang='lat' dir='ltr'>et</span> <span class='ocrx_word' id='word_1_159' title='bbox 562 1555 738 1594; x_wconf 88' lang='lat' dir='ltr'>Fauonio</span> <span class='ocrx_word' id='word_1_160' title='bbox 759 1556 963 1604; x_wconf 88' lang='lat' dir='ltr'>praetorio,</span> <span class='ocrx_word' id='word_1_161' title='bbox 986 1570 1085 1605; x_wconf 91' lang='lat' dir='ltr'>quos</span> <span class='ocrx_word' id='word_1_162' title='bbox 1113 1557 1276 1594; x_wconf 90' lang='lat' dir='ltr'>comites</span> <span class='ocrx_word' id='word_1_163' title='bbox 1297 1557 1332 1595; x_wconf 91' lang='lat' dir='ltr'>ei</span> <span class='ocrx_word' id='word_1_164' title='bbox 1352 1558 1507 1595; x_wconf 86' lang='lat' dir='ltr'>fortuna</span> 
     </span>
     <span class='ocr_line' id='line_1_22' title="bbox 182 1620 1504 1670; baseline 0 -11"><span class='ocrx_word' id='word_1_165' title='bbox 182 1622 468 1670; x_wconf 84' lang='lat' dir='ltr'>adgregauerat,</span> <span class='ocrx_word' id='word_1_166' title='bbox 499 1620 594 1667; x_wconf 89' lang='lat' dir='ltr'>aliis,</span> <span class='ocrx_word' id='word_1_167' title='bbox 631 1628 672 1658; x_wconf 88' lang='lat' dir='ltr'>ut</span> <span class='ocrx_word' id='word_1_168' title='bbox 710 1621 884 1667; x_wconf 88' lang='lat' dir='ltr'>Parthos,</span> <span class='ocrx_word' id='word_1_169' title='bbox 920 1620 1015 1667; x_wconf 90' lang='lat' dir='ltr'>aliis,</span> <span class='ocrx_word' id='word_1_170' title='bbox 1056 1629 1097 1658; x_wconf 87' lang='lat' dir='ltr'>ut</span> <span class='ocrx_word' id='word_1_171' title='bbox 1135 1620 1307 1658; x_wconf 89' lang='lat' dir='ltr'>Africam</span> <span class='ocrx_word' id='word_1_172' title='bbox 1345 1629 1504 1670; x_wconf 86' lang='lat' dir='ltr'>peteret,</span> 
     </span>
    </p>
   </div>
   <div class='ocr_carea' id='block_1_3' title="bbox 181 1722 1510 1937">
    <p class='ocr_par' dir='ltr' id='par_1_3' title="bbox 181 1722 1510 1937">
     <span class='ocr_line' id='line_1_23' title="bbox 230 1722 1506 1762; baseline 0.001 -8"><span class='ocrx_word' id='word_1_173' title='bbox 230 1735 242 1754; x_wconf 95' lang='lat'>1</span> <span class='ocrx_word' id='word_1_174' title='bbox 271 1724 359 1754; x_wconf 88' lang='lat' dir='ltr'>illius</span> <span class='ocrx_word' id='word_1_175' title='bbox 374 1724 552 1754; x_wconf 73' lang='lat' dir='ltr'>Burmann</span> <span class='ocrx_word' id='word_1_176' title='bbox 657 1734 676 1753; x_wconf 89' lang='lat'><em>2</em></span> <span class='ocrx_word' id='word_1_177' title='bbox 700 1724 789 1762; x_wconf 89' lang='lat' dir='ltr'>quod</span> <span class='ocrx_word' id='word_1_178' title='bbox 801 1723 986 1762; x_wconf 87' lang='lat' dir='ltr'>dignationi</span> <span class='ocrx_word' id='word_1_179' title='bbox 1000 1724 1145 1762; x_wconf 79' lang='lat' dir='ltr'>partium</span> <span class='ocrx_word' id='word_1_180' title='bbox 1163 1722 1308 1762; x_wconf 88' lang='lat' dir='ltr'>(partem</span> <span class='ocrx_word' id='word_1_181' title='bbox 1321 1723 1365 1762; x_wconf 81' lang='lat' dir='ltr'>B)</span> <span class='ocrx_word' id='word_1_182' title='bbox 1383 1724 1416 1754; x_wconf 90' lang='lat' dir='ltr'>in</span> <span class='ocrx_word' id='word_1_183' title='bbox 1434 1725 1506 1755; x_wconf 87' lang='lat' dir='ltr'>dies</span> 
     </span>
     <span class='ocr_line' id='line_1_24' title="bbox 183 1766 1506 1808; baseline 0 -10"><span class='ocrx_word' id='word_1_184' title='bbox 183 1769 230 1806; x_wconf 76' lang='lat' dir='ltr'>(in</span> <span class='ocrx_word' id='word_1_185' title='bbox 249 1769 304 1798; x_wconf 83' lang='lat' dir='ltr'>die</span> <span class='ocrx_word' id='word_1_186' title='bbox 321 1768 365 1801; x_wconf 57' lang='lat' dir='ltr'>B)</span> <span class='ocrx_word' id='word_1_187' title='bbox 385 1768 476 1806; x_wconf 89' lang='lat' dir='ltr'>ipsus</span> <span class='ocrx_word' id='word_1_188' title='bbox 495 1768 584 1808; x_wconf 81' lang='lat' dir='ltr'>(corr.</span> <span class='ocrx_word' id='word_1_189' title='bbox 609 1778 649 1797; x_wconf 84' lang='lat' dir='ltr'>ex</span> <span class='ocrx_word' id='word_1_190' title='bbox 668 1768 750 1807; x_wconf 90' lang='lat' dir='ltr'>ipsis</span> <span class='ocrx_word' id='word_1_191' title='bbox 767 1767 812 1806; x_wconf 83' lang='lat' dir='ltr'>A,</span> <span class='ocrx_word' id='word_1_192' title='bbox 834 1767 915 1806; x_wconf 89' lang='lat' dir='ltr'>ipsis</span> <span class='ocrx_word' id='word_1_193' title='bbox 930 1766 972 1804; x_wconf 85' lang='lat' dir='ltr'>P,</span> <span class='ocrx_word' id='word_1_194' title='bbox 998 1767 1092 1806; x_wconf 87' lang='lat' dir='ltr'>ipsiis</span> <span class='ocrx_word' id='word_1_195' title='bbox 1110 1767 1154 1807; x_wconf 83' lang='lat' dir='ltr'>B)</span> <span class='ocrx_word' id='word_1_196' title='bbox 1173 1767 1280 1805; x_wconf 89' lang='lat' dir='ltr'>magis</span> <span class='ocrx_word' id='word_1_197' title='bbox 1305 1777 1506 1806; x_wconf 90' lang='lat' dir='ltr'>prosperum</span> 
     </span>
     <span class='ocr_line' id='line_1_25' title="bbox 183 1809 1510 1850; baseline -0.001 -8"><span class='ocrx_word' id='word_1_198' title='bbox 183 1812 281 1842; x_wconf 88' lang='lat' dir='ltr'>fieret</span> <span class='ocrx_word' id='word_1_199' title='bbox 297 1810 417 1842; x_wconf 84' lang='lat' dir='ltr'><em>ABP:</em></span> <span class='ocrx_word' id='word_1_200' title='bbox 454 1814 528 1850; x_wconf 82' lang='lat' dir='ltr'>‘ego</span> <span class='ocrx_word' id='word_1_201' title='bbox 551 1810 721 1850; x_wconf 82' lang='lat' dir='ltr'>legendmn</span> <span class='ocrx_word' id='word_1_202' title='bbox 746 1811 808 1850; x_wconf 87' lang='lat' dir='ltr'>ipsi</span> <span class='ocrx_word' id='word_1_203' title='bbox 828 1814 920 1850; x_wconf 84' lang='lat' dir='ltr'>puto,</span> <span class='ocrx_word' id='word_1_204' title='bbox 947 1814 983 1840; x_wconf 84' lang='lat' dir='ltr'>ut</span> <span class='ocrx_word' id='word_1_205' title='bbox 1004 1810 1050 1840; x_wconf 76' lang='lat' dir='ltr'>ad</span> <span class='ocrx_word' id='word_1_206' title='bbox 1069 1809 1186 1849; x_wconf 84' lang='lat' dir='ltr'>Pomp.</span> <span class='ocrx_word' id='word_1_207' title='bbox 1210 1810 1380 1849; x_wconf 75' lang='lat' dir='ltr'>referatur&#39;</span> <span class='ocrx_word' id='word_1_208' title='bbox 1400 1811 1510 1841; x_wconf 67' lang='lat' dir='ltr'>But-er</span> 
     </span>
     <span class='ocr_line' id='line_1_26' title="bbox 183 1854 1505 1895; baseline -0.001 -11"><span class='ocrx_word' id='word_1_209' title='bbox 183 1856 282 1895; x_wconf 80' lang='lat' dir='ltr'><em>uulgo</em></span> <span class='ocrx_word' id='word_1_210' title='bbox 304 1854 402 1884; x_wconf 79' lang='lat' dir='ltr'>edunt</span> <span class='ocrx_word' id='word_1_211' title='bbox 425 1865 455 1893; x_wconf 88' lang='lat' dir='ltr'>q.</span> <span class='ocrx_word' id='word_1_212' title='bbox 483 1854 677 1893; x_wconf 88' lang='lat' dir='ltr'>dignatione</span> <span class='ocrx_word' id='word_1_213' title='bbox 702 1855 845 1893; x_wconf 84' lang='lat' dir='ltr'>partium</span> <span class='ocrx_word' id='word_1_214' title='bbox 870 1854 903 1883; x_wconf 89' lang='lat' dir='ltr'>in</span> <span class='ocrx_word' id='word_1_215' title='bbox 929 1854 1000 1884; x_wconf 87' lang='lat' dir='ltr'>dies</span> <span class='ocrx_word' id='word_1_216' title='bbox 1025 1854 1107 1893; x_wconf 91' lang='lat' dir='ltr'>ipsis</span> <span class='ocrx_word' id='word_1_217' title='bbox 1131 1864 1171 1883; x_wconf 91' lang='lat' dir='ltr'>m.</span> <span class='ocrx_word' id='word_1_218' title='bbox 1196 1864 1246 1892; x_wconf 93' lang='lat' dir='ltr'>pr.</span> <span class='ocrx_word' id='word_1_219' title='bbox 1266 1854 1372 1885; x_wconf 88' lang='lat' dir='ltr'>fieret.</span> <span class='ocrx_word' id='word_1_220' title='bbox 1421 1855 1505 1885; x_wconf 71' lang='lat' dir='ltr'>Scri-</span> 
     </span>
     <span class='ocr_line' id='line_1_27' title="bbox 181 1897 1504 1937; baseline 0.001 -10"><span class='ocrx_word' id='word_1_221' title='bbox 181 1898 321 1928; x_wconf 72' lang='lat' dir='ltr'>bendum</span> <span class='ocrx_word' id='word_1_222' title='bbox 343 1898 487 1937; x_wconf 82' lang='lat' dir='ltr'>suspicor</span> <span class='ocrx_word' id='word_1_223' title='bbox 505 1898 676 1937; x_wconf 85' lang='lat' dir='ltr'>ipsiusque</span> <span class='ocrx_word' id='word_1_224' title='bbox 703 1898 753 1927; x_wconf 85' lang='lat' dir='ltr'>uel</span> <span class='ocrx_word' id='word_1_225' title='bbox 783 1898 922 1936; x_wconf 83' lang='lat' dir='ltr'>ipsique,</span> <span class='ocrx_word' id='word_1_226' title='bbox 954 1897 1024 1927; x_wconf 79' lang='lat' dir='ltr'>dein</span> <span class='ocrx_word' id='word_1_227' title='bbox 1046 1902 1107 1937; x_wconf 76' lang='lat' dir='ltr'>pro</span> <span class='ocrx_word' id='word_1_228' title='bbox 1134 1897 1230 1927; x_wconf 85' lang='lat' dir='ltr'>fieret</span> <span class='ocrx_word' id='word_1_229' title='bbox 1256 1897 1292 1927; x_wconf 76' lang='lat' dir='ltr'>id</span> <span class='ocrx_word' id='word_1_230' title='bbox 1315 1897 1404 1936; x_wconf 84' lang='lat' dir='ltr'>qnod</span> <span class='ocrx_word' id='word_1_231' title='bbox 1427 1900 1504 1929; x_wconf 85' lang='lat' dir='ltr'>coni.</span> 
     </span>
    </p>
   </div>
   <div class='ocr_carea' id='block_1_4' title="bbox 180 1940 1509 2110">
    <p class='ocr_par' dir='ltr' id='par_1_4' title="bbox 180 1940 1509 2110">
     <span class='ocr_line' id='line_1_28' title="bbox 185 1940 1502 1979; baseline 0 -8"><span class='ocrx_word' id='word_1_232' title='bbox 185 1941 320 1972; x_wconf 76' lang='lat' dir='ltr'>Cludius</span> <span class='ocrx_word' id='word_1_233' title='bbox 337 1941 423 1971; x_wconf 88' lang='lat' dir='ltr'>foret</span> <span class='ocrx_word' id='word_1_234' title='bbox 533 1952 552 1979; x_wconf 87' lang='lat'><strong>4</strong></span> <span class='ocrx_word' id='word_1_235' title='bbox 578 1941 732 1971; x_wconf 86' lang='lat' dir='ltr'>Romano</span> <span class='ocrx_word' id='word_1_236' title='bbox 750 1941 799 1971; x_wconf 82' lang='lat' dir='ltr'>P:</span> <span class='ocrx_word' id='word_1_237' title='bbox 825 1941 970 1970; x_wconf 82' lang='lat' dir='ltr'>Romani</span> <span class='ocrx_word' id='word_1_238' title='bbox 986 1941 1051 1971; x_wconf 87' lang='lat' dir='ltr'>BA</span> <span class='ocrx_word' id='word_1_239' title='bbox 1071 1952 1078 1970; x_wconf 89' lang='lat'>:</span> <span class='ocrx_word' id='word_1_240' title='bbox 1103 1940 1247 1970; x_wconf 89' lang='lat' dir='ltr'>Romani</span> <span class='ocrx_word' id='word_1_241' title='bbox 1266 1940 1410 1971; x_wconf 87' lang='lat' dir='ltr'>nominis</span> <span class='ocrx_word' id='word_1_242' title='bbox 1425 1943 1502 1971; x_wconf 80' lang='lat' dir='ltr'>coni.</span> 
     </span>
     <span class='ocr_line' id='line_1_29' title="bbox 181 1983 1509 2023; baseline -0.001 -8"><span class='ocrx_word' id='word_1_243' title='bbox 181 1985 290 2015; x_wconf 76' lang='lat' dir='ltr'>Burer</span> <span class='ocrx_word' id='word_1_244' title='bbox 425 1986 446 2014; x_wconf 88' lang='lat'><strong>6</strong></span> <span class='ocrx_word' id='word_1_245' title='bbox 470 1984 595 2014; x_wconf 87' lang='lat' dir='ltr'>conlisa</span> <span class='ocrx_word' id='word_1_246' title='bbox 628 1985 796 2015; x_wconf 77' lang='lat' dir='ltr'>Gelenius:</span> <span class='ocrx_word' id='word_1_247' title='bbox 835 1985 974 2014; x_wconf 90' lang='lat' dir='ltr'>consilio</span> <span class='ocrx_word' id='word_1_248' title='bbox 1006 1983 1076 2013; x_wconf 85' lang='grc' dir='ltr'>ΑΡ</span> <span class='ocrx_word' id='word_1_249' title='bbox 1215 1994 1230 2022; x_wconf 89' lang='lat'><strong>7</strong></span> <span class='ocrx_word' id='word_1_250' title='bbox 1257 1984 1407 2023; x_wconf 89' lang='lat' dir='ltr'>talesque</span> <span class='ocrx_word' id='word_1_251' title='bbox 1438 1985 1509 2014; x_wconf 85' lang='grc' dir='ltr'>ΑΡ</span> 
     </span>
     <span class='ocr_line' id='line_1_30' title="bbox 180 2027 1506 2067; baseline 0 -9"><span class='ocrx_word' id='word_1_252' title='bbox 180 2030 199 2058; x_wconf 88' lang='grc'>8</span> <span class='ocrx_word' id='word_1_253' title='bbox 225 2028 354 2067; x_wconf 86' lang='lat' dir='ltr'>recepit</span> <span class='ocrx_word' id='word_1_254' title='bbox 370 2038 413 2057; x_wconf 81' lang='lat' dir='ltr'>an</span> <span class='ocrx_word' id='word_1_255' title='bbox 431 2028 548 2067; x_wconf 87' lang='lat' dir='ltr'>recipit</span> <span class='ocrx_word' id='word_1_256' title='bbox 565 2028 597 2057; x_wconf 99' lang='lat' dir='ltr'><em>A</em></span> <span class='ocrx_word' id='word_1_257' title='bbox 617 2028 726 2058; x_wconf 79' lang='lat' dir='ltr'>dubito</span> <span class='ocrx_word' id='word_1_258' title='bbox 802 2029 991 2058; x_wconf 89' lang='lat' dir='ltr'>enarranda</span> <span class='ocrx_word' id='word_1_259' title='bbox 1007 2027 1059 2058; x_wconf 87' lang='lat' dir='ltr'>P:</span> <span class='ocrx_word' id='word_1_260' title='bbox 1084 2028 1292 2058; x_wconf 83' lang='lat' dir='ltr'>enarrandae</span> <span class='ocrx_word' id='word_1_261' title='bbox 1308 2028 1506 2066; x_wconf 79' lang='lat' dir='ltr'>A‚s0rlasse</span> 
     </span>
     <span class='ocr_line' id='line_1_31' title="bbox 181 2071 1504 2110; baseline 0.001 -9"><span class='ocrx_word' id='word_1_262' title='bbox 181 2076 254 2101; x_wconf 78' lang='lat' dir='ltr'>recte</span> <span class='ocrx_word' id='word_1_263' title='bbox 388 2081 422 2100; x_wconf 91' lang='lat'>11</span> <span class='ocrx_word' id='word_1_264' title='bbox 451 2076 486 2101; x_wconf 87' lang='lat' dir='ltr'>ut</span> <span class='ocrx_word' id='word_1_265' title='bbox 509 2071 582 2101; x_wconf 83' lang='lat' dir='ltr'><em>add.</em></span> <span class='ocrx_word' id='word_1_266' title='bbox 609 2071 757 2102; x_wconf 79' lang='lat' dir='ltr'>Gelenius</span> <span class='ocrx_word' id='word_1_267' title='bbox 846 2072 1022 2101; x_wconf 90' lang='lat' dir='ltr'>incolumis</span> <span class='ocrx_word' id='word_1_268' title='bbox 1047 2071 1151 2110; x_wconf 90' lang='lat' dir='ltr'>partis</span> <span class='ocrx_word' id='word_1_269' title='bbox 1167 2071 1300 2110; x_wconf 75' lang='lat' dir='ltr'>scn&#39;psi:</span> <span class='ocrx_word' id='word_1_270' title='bbox 1329 2071 1361 2100; x_wconf 90' lang='lat' dir='ltr'>in</span> <span class='ocrx_word' id='word_1_271' title='bbox 1385 2075 1504 2102; x_wconf 83' lang='lat' dir='ltr'>omnes</span> 
     </span>
    </p>
   </div>
   <div class='ocr_carea' id='block_1_5' title="bbox 178 2114 1505 2460">
    <p class='ocr_par' dir='ltr' id='par_1_5' title="bbox 178 2114 1505 2460">
     <span class='ocr_line' id='line_1_32' title="bbox 182 2114 1502 2154; baseline 0.002 -10"><span class='ocrx_word' id='word_1_272' title='bbox 182 2114 286 2154; x_wconf 89' lang='lat' dir='ltr'>(-neis</span> <span class='ocrx_word' id='word_1_273' title='bbox 302 2114 345 2153; x_wconf 53' lang='lat' dir='ltr'>P)</span> <span class='ocrx_word' id='word_1_274' title='bbox 376 2119 490 2153; x_wconf 89' lang='lat' dir='ltr'>partes</span> <span class='ocrx_word' id='word_1_275' title='bbox 513 2114 591 2153; x_wconf 83' lang='grc' dir='ltr'>ΑΡ,</span> <span class='ocrx_word' id='word_1_276' title='bbox 617 2125 680 2154; x_wconf 86' lang='lat' dir='ltr'>qno</span> <span class='ocrx_word' id='word_1_277' title='bbox 706 2118 832 2145; x_wconf 77' lang='lat' dir='ltr'>seruato</span> <span class='ocrx_word' id='word_1_278' title='bbox 855 2115 951 2145; x_wconf 74' lang='lat' dir='ltr'>Kritz</span> <span class='ocrx_word' id='word_1_279' title='bbox 977 2115 1137 2154; x_wconf 80' lang='lat' dir='ltr'>suppleuit</span> <span class='ocrx_word' id='word_1_280' title='bbox 1160 2125 1198 2144; x_wconf 75' lang='lat' dir='ltr'>cx</span> <span class='ocrx_word' id='word_1_281' title='bbox 1218 2114 1307 2145; x_wconf 76' lang='lat' dir='ltr'>Suet.</span> <span class='ocrx_word' id='word_1_282' title='bbox 1336 2114 1423 2146; x_wconf 79' lang='lat' dir='ltr'>Caes.</span> <span class='ocrx_word' id='word_1_283' title='bbox 1452 2124 1502 2154; x_wconf 88' lang='lat'>75,</span> 
     </span>
     <span class='ocr_line' id='line_1_33' title="bbox 179 2158 1505 2197; baseline 0.002 -10"><span class='ocrx_word' id='word_1_284' title='bbox 179 2159 267 2197; x_wconf 80' lang='lat' dir='ltr'>App.</span> <span class='ocrx_word' id='word_1_285' title='bbox 296 2158 327 2188; x_wconf 86' lang='lat' dir='ltr'>ii.</span> <span class='ocrx_word' id='word_1_286' title='bbox 353 2159 406 2197; x_wconf 74' lang='lat'>80,</span> <span class='ocrx_word' id='word_1_287' title='bbox 433 2158 519 2189; x_wconf 86' lang='lat' dir='ltr'>Flor.</span> <span class='ocrx_word' id='word_1_288' title='bbox 542 2158 582 2187; x_wconf 90' lang='lat' dir='ltr'>iv.</span> <span class='ocrx_word' id='word_1_289' title='bbox 602 2169 630 2188; x_wconf 90' lang='lat'>2.</span> <span class='ocrx_word' id='word_1_290' title='bbox 654 2167 696 2196; x_wconf 88' lang='lat'>50</span> <span class='ocrx_word' id='word_1_291' title='bbox 727 2159 781 2197; x_wconf 88' lang='lat' dir='ltr'>qui</span> <span class='ocrx_word' id='word_1_292' title='bbox 811 2159 1058 2197; x_wconf 84' lang='lat' dir='ltr'>proclamarent</span> <span class='ocrx_word' id='word_1_293' title='bbox 1089 2163 1124 2188; x_wconf 88' lang='lat' dir='ltr'>ut</span> <span class='ocrx_word' id='word_1_294' title='bbox 1150 2158 1282 2188; x_wconf 84' lang='lat' dir='ltr'>ciuibus</span> <span class='ocrx_word' id='word_1_295' title='bbox 1308 2164 1505 2197; x_wconf 85' lang='lat' dir='ltr'>parceretur</span> 
     </span>
     <span class='ocr_line' id='line_1_34' title="bbox 180 2201 1502 2242; baseline 0.002 -11"><span class='ocrx_word' id='word_1_296' title='bbox 180 2203 284 2232; x_wconf 89' lang='lat' dir='ltr'>uerbo</span> <span class='ocrx_word' id='word_1_297' title='bbox 302 2201 334 2230; x_wconf 89' lang='lat' dir='ltr'><em>A</em></span> <span class='ocrx_word' id='word_1_298' title='bbox 353 2213 359 2231; x_wconf 80' lang='lat' dir='ltr'><strong><em>z</em></strong></span> <span class='ocrx_word' id='word_1_299' title='bbox 384 2206 417 2231; x_wconf 88' lang='lat' dir='ltr'>et</span> <span class='ocrx_word' id='word_1_300' title='bbox 434 2202 538 2232; x_wconf 90' lang='lat' dir='ltr'>uerbo</span> <span class='ocrx_word' id='word_1_301' title='bbox 555 2201 588 2230; x_wconf 86' lang='lat' dir='ltr'><em>P</em></span> <span class='ocrx_word' id='word_1_302' title='bbox 673 2213 716 2232; x_wconf 86' lang='lat' dir='ltr'>ex</span> <span class='ocrx_word' id='word_1_303' title='bbox 732 2202 866 2242; x_wconf 79' lang='lat' dir='ltr'>Lipsius</span> <span class='ocrx_word' id='word_1_304' title='bbox 881 2214 887 2233; x_wconf 73' lang='grc' dir='ltr'><em>ι</em></span> <span class='ocrx_word' id='word_1_305' title='bbox 913 2207 946 2232; x_wconf 86' lang='lat' dir='ltr'>et</span> <span class='ocrx_word' id='word_1_306' title='bbox 962 2201 1033 2231; x_wconf 86' lang='grc' dir='ltr'>ΑΡ</span> <span class='ocrx_word' id='word_1_307' title='bbox 1164 2211 1202 2230; x_wconf 83' lang='grc'>12</span> <span class='ocrx_word' id='word_1_308' title='bbox 1223 2205 1297 2239; x_wconf 81' lang='lat' dir='ltr'>post</span> <span class='ocrx_word' id='word_1_309' title='bbox 1318 2202 1502 2233; x_wconf 87' lang='lat' dir='ltr'>dimitteret</span> 
     </span>
     <span class='ocr_line' id='line_1_35' title="bbox 179 2244 1499 2282; baseline 0.001 -8"><span class='ocrx_word' id='word_1_310' title='bbox 179 2245 255 2277; x_wconf 81' lang='lat' dir='ltr'>add.</span> <span class='ocrx_word' id='word_1_311' title='bbox 273 2246 511 2275; x_wconf 85' lang='lat' dir='ltr'>caduceatores</span> <span class='ocrx_word' id='word_1_312' title='bbox 534 2245 684 2274; x_wconf 71' lang='lat' dir='ltr'>Willzclm</span> <span class='ocrx_word' id='word_1_313' title='bbox 753 2246 842 2275; x_wconf 89' lang='lat' dir='ltr'>Proh</span> <span class='ocrx_word' id='word_1_314' title='bbox 860 2245 892 2274; x_wconf 87' lang='lat' dir='ltr'><em>A</em></span> <span class='ocrx_word' id='word_1_315' title='bbox 974 2246 1063 2276; x_wconf 88' lang='lat' dir='ltr'>imm.</span> <span class='ocrx_word' id='word_1_316' title='bbox 1080 2244 1152 2275; x_wconf 86' lang='grc' dir='ltr'>ΑΡ</span> <span class='ocrx_word' id='word_1_317' title='bbox 1228 2254 1265 2282; x_wconf 84' lang='lat'>13</span> <span class='ocrx_word' id='word_1_318' title='bbox 1289 2255 1372 2274; x_wconf 88' lang='lat' dir='ltr'>suae</span> <span class='ocrx_word' id='word_1_319' title='bbox 1386 2256 1450 2276; x_wconf 84' lang='lat' dir='ltr'>om.</span> <span class='ocrx_word' id='word_1_320' title='bbox 1465 2246 1499 2275; x_wconf 88' lang='lat' dir='ltr'><em>A</em></span> 
     </span>
     <span class='ocr_line' id='line_1_36' title="bbox 179 2288 1500 2328; baseline 0.002 -10"><span class='ocrx_word' id='word_1_321' title='bbox 179 2294 255 2327; x_wconf 91' lang='lat' dir='ltr'>post</span> <span class='ocrx_word' id='word_1_322' title='bbox 272 2299 345 2318; x_wconf 90' lang='lat' dir='ltr'>eam</span> <span class='ocrx_word' id='word_1_323' title='bbox 359 2288 436 2326; x_wconf 80' lang='lat' dir='ltr'>AF,</span> <span class='ocrx_word' id='word_1_324' title='bbox 448 2299 507 2319; x_wconf 86' lang='lat' dir='ltr'>em.</span> <span class='ocrx_word' id='word_1_325' title='bbox 525 2289 707 2318; x_wconf 78' lang='lat' dir='ltr'>Rhenanus</span> <span class='ocrx_word' id='word_1_326' title='bbox 781 2299 818 2327; x_wconf 89' lang='lat'>14</span> <span class='ocrx_word' id='word_1_327' title='bbox 835 2289 984 2328; x_wconf 91' lang='lat' dir='ltr'>precium</span> <span class='ocrx_word' id='word_1_328' title='bbox 998 2289 1030 2317; x_wconf 95' lang='lat' dir='ltr'><em>A</em></span> <span class='ocrx_word' id='word_1_329' title='bbox 1094 2289 1127 2318; x_wconf 88' lang='lat' dir='ltr'>in</span> <span class='ocrx_word' id='word_1_330' title='bbox 1146 2288 1201 2317; x_wconf 87' lang='lat' dir='ltr'>illa</span> <span class='ocrx_word' id='word_1_331' title='bbox 1218 2312 1224 2318; x_wconf 92' lang='lat'><em>.</em></span> <span class='ocrx_word' id='word_1_332' title='bbox 1246 2312 1253 2318; x_wconf 94' lang='lat'><strong>.</strong></span> <span class='ocrx_word' id='word_1_333' title='bbox 1272 2312 1278 2317; x_wconf 93' lang='lat'><em>.</em></span> <span class='ocrx_word' id='word_1_334' title='bbox 1297 2299 1394 2327; x_wconf 91' lang='lat' dir='ltr'>quarn</span> <span class='ocrx_word' id='word_1_335' title='bbox 1411 2290 1500 2327; x_wconf 92' lang='lat' dir='ltr'>quod</span> 
     </span>
     <span class='ocr_line' id='line_1_37' title="bbox 178 2330 1502 2370; baseline 0.001 -9"><span class='ocrx_word' id='word_1_336' title='bbox 178 2332 313 2362; x_wconf 79' lang='lat' dir='ltr'>Haase:</span> <span class='ocrx_word' id='word_1_337' title='bbox 348 2331 404 2362; x_wconf 85' lang='lat' dir='ltr'>illa</span> <span class='ocrx_word' id='word_1_338' title='bbox 420 2356 426 2362; x_wconf 92' lang='lat'><em>.</em></span> <span class='ocrx_word' id='word_1_339' title='bbox 448 2356 454 2363; x_wconf 93' lang='lat'><strong>.</strong></span> <span class='ocrx_word' id='word_1_340' title='bbox 475 2332 634 2370; x_wconf 86' lang='lat' dir='ltr'>.quando</span> <span class='ocrx_word' id='word_1_341' title='bbox 657 2332 728 2361; x_wconf 87' lang='lat' dir='ltr'>AP</span> <span class='ocrx_word' id='word_1_342' title='bbox 860 2333 898 2361; x_wconf 86' lang='lat'>16</span> <span class='ocrx_word' id='word_1_343' title='bbox 921 2333 1103 2370; x_wconf 88' lang='lat' dir='ltr'>corrumpit</span> <span class='ocrx_word' id='word_1_344' title='bbox 1126 2330 1204 2367; x_wconf 82' lang='lat' dir='ltr'>AF,</span> <span class='ocrx_word' id='word_1_345' title='bbox 1229 2342 1288 2362; x_wconf 81' lang='lat' dir='ltr'>em.</span> <span class='ocrx_word' id='word_1_346' title='bbox 1318 2332 1502 2362; x_wconf 73' lang='lat' dir='ltr'>Rhenanus</span> 
     </span>
     <span class='ocr_line' id='line_1_38' title="bbox 181 2381 1499 2426; baseline 0.001 -11"><span class='ocrx_word' id='word_1_347' title='bbox 181 2395 218 2424; x_wconf 90' lang='lat'>17</span> <span class='ocrx_word' id='word_1_348' title='bbox 244 2386 422 2425; x_wconf 85' lang='lat' dir='ltr'>pertinatia</span> <span class='ocrx_word' id='word_1_349' title='bbox 439 2385 471 2414; x_wconf 90' lang='lat' dir='ltr'><em>A</em></span> <span class='ocrx_word' id='word_1_350' title='bbox 601 2386 670 2415; x_wconf 74' lang='lat' dir='ltr'>uita</span> <span class='ocrx_word' id='word_1_351' title='bbox 689 2386 778 2425; x_wconf 76' lang='lat' dir='ltr'>(corr.</span> <span class='ocrx_word' id='word_1_352' title='bbox 799 2387 830 2415; x_wconf 82' lang='lat' dir='ltr'>in</span> <span class='ocrx_word' id='word_1_353' title='bbox 849 2387 965 2421; x_wconf 59' lang='lat' dir='ltr'>uitam)</span> <span class='ocrx_word' id='word_1_354' title='bbox 985 2386 1126 2416; x_wconf 77' lang='lat' dir='ltr'>uictoria</span> <span class='ocrx_word' id='word_1_355' title='bbox 1141 2381 1239 2416; x_wconf 56' lang='lat' dir='ltr'>dare-t</span> <span class='ocrx_word' id='word_1_356' title='bbox 1256 2387 1336 2417; x_wconf 91' lang='lat' dir='ltr'>dare</span> <span class='ocrx_word' id='word_1_357' title='bbox 1353 2386 1385 2415; x_wconf 92' lang='lat' dir='ltr'><em>A</em></span> <span class='ocrx_word' id='word_1_358' title='bbox 1408 2387 1475 2426; x_wconf 46' lang='lat' dir='ltr'>ksic)</span> <span class='ocrx_word' id='word_1_359' title='bbox 1492 2398 1499 2416; x_wconf 74' lang='grc' dir='ltr'>ε</span> 
     </span>
     <span class='ocr_line' id='line_1_39' title="bbox 179 2428 1089 2460; baseline -0.001 -1"><span class='ocrx_word' id='word_1_360' title='bbox 179 2430 351 2459; x_wconf 86' lang='lat' dir='ltr'>uictoriam</span> <span class='ocrx_word' id='word_1_361' title='bbox 370 2430 450 2459; x_wconf 88' lang='lat' dir='ltr'>dare</span> <span class='ocrx_word' id='word_1_362' title='bbox 467 2428 517 2459; x_wconf 82' lang='lat' dir='ltr'>P:</span> <span class='ocrx_word' id='word_1_363' title='bbox 542 2429 645 2459; x_wconf 84' lang='lat' dir='ltr'>uitam</span> <span class='ocrx_word' id='word_1_364' title='bbox 661 2429 769 2460; x_wconf 90' lang='lat' dir='ltr'>uictor</span> <span class='ocrx_word' id='word_1_365' title='bbox 785 2430 848 2460; x_wconf 88' lang='lat' dir='ltr'>iam</span> <span class='ocrx_word' id='word_1_366' title='bbox 869 2431 965 2460; x_wconf 85' lang='lat' dir='ltr'>daret</span> <span class='ocrx_word' id='word_1_367' title='bbox 982 2430 1089 2460; x_wconf 79' lang='lat' dir='ltr'>Burer</span> 
     </span>
    </p>
   </div>
   <div class='ocr_carea' id='block_1_6' title="bbox 818 2533 852 2566">
    <p class='ocr_par' dir='ltr' id='par_1_6' title="bbox 818 2533 852 2566">
     <span class='ocr_line' id='line_1_40' title="bbox 818 2533 852 2566; baseline 0 -10"><span class='ocrx_word' id='word_1_368' title='bbox 818 2533 852 2566; x_wconf 76' lang='lat'>71</span> 
     </span>
    </p>
   </div>
  </div>
 </body>
</html>
