1799 2864
561 775 1149 830 PROLEGOMENA

250 948 374 987 Vellei
402 947 593 986 Paterculi
620 946 765 996 primus
790 945 1030 983 mentionem
1055 943 1145 982 fecit
1174 941 1392 980 Priscianus
1422 942 1514 977 Inst.

198 1021 368 1056 Gramm.
402 1018 449 1055 vi.
485 1020 532 1067 63
566 1017 603 1067 (i.
646 1030 680 1066 p.
717 1018 790 1063 248
831 1014 968 1064 Hertz)
1007 1015 1067 1052 M
1102 1014 1257 1051 Velleius
1294 1011 1519 1049 Paterculus

196 1090 292 1126 libro
320 1090 370 1126 I:
416 1102 479 1125 nec
515 1089 641 1125 minus
680 1088 806 1124 clarus
849 1099 891 1122 ea
934 1090 1143 1134 tempestate
1180 1083 1379 1121 Miltiadis
1404 1082 1519 1130 filius

202 1160 346 1197 Cimon.
408 1160 465 1196 Ex
494 1159 570 1195 hoc
600 1170 679 1194 uno
713 1157 941 1205 fragmento,
974 1155 1081 1203 quod
1115 1153 1154 1190 in
1190 1152 1327 1190 codice
1363 1151 1520 1188 Murba-

198 1228 303 1266 censi
325 1241 405 1266 non
426 1235 516 1273 erat,
539 1226 664 1264 Vellei
685 1238 924 1275 praenomen
946 1223 1203 1273 cognoscitur.

254 1299 401 1335 Rursus
432 1296 569 1334 citatus
599 1304 656 1334 est
685 1309 708 1333 a
737 1294 944 1333 scholiasta
975 1292 1123 1331 Lucani
1144 1292 1189 1330 ix.
1219 1294 1290 1340 178
1320 1293 1397 1329 Ter
1422 1290 1519 1327 enim

197 1372 343 1405 canstat
367 1367 618 1415 triumphasse
644 1365 877 1414 Pompeium,
903 1369 948 1400 ut
970 1364 1199 1401 paterculus
1224 1362 1316 1399 dicit
1338 1361 1498 1398 scribens
1511 1373 1523 1396 .·

199 1439 313 1474 liuius
333 1437 626 1485 m'rifizstigium
647 1436 765 1472 tantis
785 1435 927 1472 actibus
935 1433 1103 1482 fortuna
1119 1433 1266 1479 attulit,
1294 1437 1338 1468 ut
1345 1432 1521 1480 primum

199 1522 245 1545 ex
265 1509 308 1556 4
308 1508 412 1554 frica,
431 1508 567 1544 iterum
587 1520 634 1543 ex
653 1507 829 1554 Europa,
853 1505 1006 1542 tertium
1026 1517 1073 1540 ex
1091 1503 1291 1552 Hispania
1314 1501 1524 1549 triumplia-

199 1584 265 1625 ret,
294 1583 330 1614 et
355 1583 445 1626 quat
461 1582 597 1626 partes
626 1582 749 1613 terrae
777 1580 876 1622 sunt,
907 1575 1056 1612 totidem
1075 1575 1224 1622 faceret
1249 1573 1311 1622 (al.
1333 1570 1524 1621 faterent)

202 1649 428 1686 monimenta
460 1648 638 1685 uictoriae
668 1660 766 1683 suae.
842 1647 954 1682 Haec
987 1644 1169 1682 extabant
1200 1643 1238 1680 in
1271 1640 1522 1680 Murbacensi

202 1719 236 1756 ii.
275 1733 336 1765 40,
370 1718 437 1756 ubi
477 1718 699 1767 discrepant
733 1718 841 1762 haec,
873 1717 1044 1753 auctibus
1065 1746 1072 1752 .
1096 1745 1103 1752 .
1128 1745 1135 1752 .
1155 1715 1312 1763 primus
1332 1744 1339 1750 .
1363 1744 1370 1750 .
1395 1743 1401 1750 .
1425 1713 1525 1749 Asia

203 1790 299 1839 (non
322 1786 559 1837 Hispam'a):
589 1800 690 1836 quae
719 1786 852 1824 onmia
879 1784 1147 1823 emendatiora
1173 1783 1227 1821 sic
1252 1796 1369 1832 quarn
1392 1782 1430 1819 in
1453 1783 1527 1819 Lu-

203 1859 288 1897 cani
320 1858 469 1897 scholio
504 1857 644 1896 tradita
675 1865 775 1895 sunt.
839 1856 1073 1894 Lectitatum
1108 1863 1240 1892 tamen
1275 1853 1393 1891 fuisse
1428 1865 1527 1901 opus

203 1929 328 1968 Vellei
358 1943 437 1967 non
468 1930 609 1966 desunt
640 1942 740 1977 quae
774 1934 972 1965 testentur.
1043 1926 1194 1964 Primus
1225 1932 1415 1974 quantum
1447 1922 1528 1961 scio

206 2000 436 2049 Bernaysius
466 1998 659 2049 perspexit
689 2000 810 2036 multa
837 2005 1056 2035 mutuatum
1078 2010 1124 2035 ex
1150 1998 1226 2034 hoc
1247 1994 1425 2034 Seruium
1447 1995 1529 2031 Sul-

205 2070 361 2120 picium,
394 2069 659 2108 Christianum
690 2069 956 2118 presbyterum
989 2066 1088 2118 (A.D.
1121 2064 1344 2116 365—425):
1386 2066 1524 2102 horum

205 2154 411 2179 numerum
431 2139 535 2177 auxit
553 2139 699 2177 Elimar
717 2139 840 2176 Klebs
861 2138 899 2175 in
922 2136 1115 2186 Philologi
1129 2138 1274 2174 uolum.
1297 2134 1389 2172 anni
1416 2136 1526 2182 1890,

206 2226 240 2262 p.
268 2214 338 2261 285
363 2224 460 2260 sqq,
492 2209 742 2258 ostenditque
770 2216 848 2246 tarn
879 2209 1100 2257 frequenter
1125 2206 1251 2244 Vellei
1285 2206 1405 2243 uerba
1440 2217 1529 2241 con-

206 2281 504 2330 iunctionesque
534 2281 742 2318 uerborum
773 2278 988 2328 Sulpicium
1013 2278 1238 2316 adhibuisse
1263 2284 1304 2314 ut
1331 2274 1529 2313 studiosus

207 2353 288 2391 eius
327 2354 448 2390 lector
485 2359 602 2400 atque
640 2350 810 2388 imitator
848 2350 929 2387 iure
963 2349 1154 2387 dicendus
1194 2347 1250 2385 sit.
1326 2348 1418 2383 Post
1456 2346 1529 2382 hos

211 2422 399 2461 Manitius
439 2435 517 2459 non
558 2434 681 2470 pauca
715 2420 995 2469 Eginhardurn,
1027 2418 1092 2468 qui
1124 2419 1266 2457 Carolo
1298 2418 1446 2465 Magno
1480 2415 1531 2452 ab

835 2489 876 2519 v1i
