1799 2864
660 202 865 239 VELLEI
896 201 1213 240 PATERCVLI

284 311 433 351 Antoni
452 311 628 350 animum
648 311 821 361 partibus
842 311 924 350 eius
945 326 985 350 se
1002 311 1230 359 miscuisset,
1249 320 1408 362 rogante
1425 313 1602 358 Caesare,

285 386 327 415 ut
346 391 479 415 secum
500 379 550 416 ad
577 377 723 415 bellum
753 377 1061 427 proficisceretur
1086 377 1316 415 Actiacum:
1347 390 1444 423 mea,
1467 376 1604 426 inquit,

284 441 323 479 in
357 441 576 480 Antonium
611 441 757 479 maiora
791 441 926 479 merita
963 449 1064 487 sunt,
1097 441 1198 479 illius
1236 441 1276 478 in
1315 454 1377 479 me
1417 440 1607 479 beneficia

285 505 460 553 notiora3
506 505 637 555 itaque
675 504 899 544 discrimine
937 513 1067 543 uestro
1107 518 1170 543 me
1207 506 1432 543 subtraham
1464 513 1502 543 et
1540 518 1606 543 ero

284 572 429 620 praeda
449 569 616 608 uictoris.

214 635 264 683 87
338 635 520 673 Proximo
549 634 693 672 deinde
719 647 824 672 anno
853 641 1078 683 persecutus
1108 633 1280 683 reginam
1309 634 1607 683 Antoniumque

284 698 572 745 Alexandriam,
614 697 790 735 ultimam
840 697 949 735 bellis
989 697 1168 735 ciuilibus
1210 697 1395 747 imposuit
1433 712 1604 736 manum.

284 763 481 802 Antonius
502 776 542 800 se
563 762 645 812 ipse
666 775 745 800 non
767 761 934 811 segniter
959 761 1165 808 interemit,
1187 763 1288 800 adeo
1309 770 1350 800 ut
1370 764 1492 800 multa
1511 762 1609 801 desi-

285 829 373 868 diae
395 827 557 866 crimina
584 834 708 865 morte
729 826 945 865 redimeret.
981 834 1020 864 at
1047 827 1256 876 Cleopatra
1274 827 1462 864 frustratis
1483 835 1609 865 custo-

285 893 400 932 dibus
422 892 541 929 inlata
560 890 706 940 aspide,
725 891 764 928 in
782 904 913 929 morsu
934 890 1120 939 sanieque
1141 890 1235 937 eius,
1257 904 1392 940 expers
1409 890 1608 928 muliebris

247 976 262 998 2
286 965 413 995 metus
445 955 621 1006 spiritum
655 954 835 993 reddidit.
894 953 1044 1003 fuitque
1075 962 1113 992 et
1146 955 1301 992 fortuna
1333 963 1372 993 et
1402 955 1611 993 clementia

286 1021 463 1061 Caesaris
493 1020 667 1070 dignum,
690 1021 797 1069 quod
828 1032 945 1057 nemo
975 1032 1021 1057 ex
1050 1018 1106 1066 iis,
1129 1019 1196 1068 qui
1224 1027 1360 1057 contra
1387 1033 1477 1057 eum
1503 1032 1611 1057 arma

287 1087 464 1131 tulerant,
494 1085 545 1122 ab
574 1097 621 1122 eo
650 1083 808 1121 iussuue
838 1083 919 1121 eius
953 1082 1208 1132 interemptus
1241 1089 1302 1121 est.
1363 1086 1410 1121 D.
1446 1086 1611 1121 Brutum

286 1150 435 1188 Antoni
451 1148 645 1187 interemit
661 1148 877 1186 crudelitas.
928 1148 1087 1186 Sextum
1109 1147 1343 1197 Pompeium
1362 1148 1413 1186 ab
1434 1152 1455 1186 †
1468 1150 1609 1187 eodem

286 1215 434 1253 uictum
468 1214 574 1252 idem
605 1213 813 1259 Antonius,
850 1226 940 1250 cum
975 1212 1171 1262 dignitatis
1203 1226 1361 1262 quoque
1395 1215 1610 1252 seruandae
1654 1224 1666 1232 ·

250 1279 459 1331 3dedisset
486 1280 617 1325 fidem,
651 1277 767 1316 etiam
798 1277 933 1327 spiritu
967 1277 1143 1326 priuauit.
1205 1279 1346 1315 Brutus
1381 1286 1419 1316 et
1452 1278 1610 1317 Cassius

285 1352 386 1390 ante,
409 1356 528 1392 quam
548 1342 741 1380 uictorum
763 1341 1025 1390 experirentur
1044 1341 1232 1388 animum,
1249 1342 1468 1380 uoluntaria
1487 1351 1612 1381 morte

286 1408 477 1447 obierunt.
550 1406 700 1445 Antoni
732 1407 1042 1455 Cleopatraeque
1073 1406 1160 1456 quis
1191 1406 1304 1444 fuerit
1335 1407 1457 1445 exitus
1489 1421 1614 1446 narra-

287 1473 426 1511 uimus.
486 1472 675 1512 Canidius
705 1471 878 1510 timidius
908 1472 1086 1519 decessit,
1109 1486 1227 1521 quam
1257 1473 1487 1522 professioni
1517 1474 1610 1520 eius,

287 1552 365 1589 qua
385 1552 538 1588 semper
558 1552 650 1576 usus
677 1545 767 1584 erat,
791 1538 1040 1587 congruebat.
1099 1538 1258 1576 ultimus
1283 1548 1415 1577 autern
1435 1553 1481 1578 ex
1501 1540 1613 1578 inter-

288 1604 498 1643 fectoribus
530 1603 706 1643 Caesaris
734 1603 954 1642 Parmensis
979 1603 1137 1643 Cassius
1168 1612 1293 1643 morte
1313 1618 1459 1654 poenas
1491 1606 1610 1653 dedit,

288 1677 330 1707 ut
351 1670 513 1707 dederat
532 1668 754 1721 Trebonius
765 1669 930 1717 primus.

216 1734 268 1771 88
343 1735 451 1771 Dum
490 1732 667 1770 ultimam
715 1733 819 1771 bello
866 1733 1030 1771 Actiaco
1078 1733 1422 1783 Alexandrinoque
1471 1736 1614 1774 Caesar

333 1847 347 1866 1
374 1836 515 1865 Antonii
531 1835 602 1865 ΑΡ
687 1836 877 1866 miscuisset
893 1835 959 1865 BA
978 1848 984 1866 :
1009 1836 1247 1866 immiscuisset
1263 1836 1297 1866 P
1382 1848 1400 1867 2
1425 1838 1522 1868 Actia
1540 1848 1613 1868 cum

286 1879 318 1909 A
411 1890 430 1916 4
454 1879 648 1909 discrimine
658 1879 737 1915 ΑΡ,
751 1883 786 1909 ut
803 1879 893 1919 Verg.
904 1879 989 1910 Aen.
1004 1880 1045 1910 vi.
1060 1881 1132 1918 465,
1146 1881 1210 1919 698
1226 1892 1232 1910 :
1251 1881 1432 1910 discrimini
1443 1881 1616 1911 Acidalins

287 1924 308 1952 6
332 1923 454 1953 deinde
479 1922 569 1952 BA:
609 1933 672 1954 om.
697 1922 731 1952 P
862 1933 877 1961 7
902 1923 1155 1954 Alexandream
1185 1923 1252 1953 BA
1388 1935 1409 1963 9
1434 1925 1616 1955 redemerit

287 1966 395 1996 Halm
503 1976 541 1996 10
564 1966 716 2004 aspidem
732 1966 765 1996 A
784 1978 790 1996 :
814 1967 931 2005 aspide
948 1967 982 1996 in
998 1966 1031 1995 Β
1048 1978 1054 1996 :
1079 1967 1196 2005 aspide
1212 1966 1246 1996 P
1347 1968 1477 2006 morsuss
1493 1969 1528 1998 A
1545 1969 1614 2008 (sic)

287 2020 370 2040 sane
397 2010 468 2039 eius
495 2008 616 2039 ABP:
645 2010 805 2048 sanieque
831 2010 906 2039 eius
928 2009 974 2041 Io.
994 2009 1036 2040 Is.
1057 2009 1250 2040 Fontanus:
1275 2016 1309 2041 et
1325 2012 1419 2041 sanie
1440 2012 1512 2041 eius
1528 2011 1615 2041 Βιιν-

289 2064 418 2084 mann:
442 2063 525 2082 num
550 2063 679 2082 morsus
706 2053 802 2083 sanie
823 2053 917 2084 eius.2
1050 2053 1199 2083 mulieris
1225 2053 1259 2083 A
1420 2065 1457 2084 12
1483 2055 1535 2085 his
1551 2054 1621 2085 ΑΡ

291 2107 329 2135 13
350 2097 443 2126 iussu
455 2107 496 2126 ue
512 2095 558 2135 A,
574 2096 632 2125 sed
643 2097 825 2135 interposito
838 2096 852 2125 s
859 2096 947 2135 quod
960 2096 1069 2126 duln'lo
1079 2107 1122 2126 an
1139 2107 1154 2126 s
1161 2096 1267 2134 fuerit
1277 2108 1290 2134 ;
1313 2101 1387 2127 cotie
1401 2099 1493 2128 solito
1510 2099 1622 2128 minor

289 2144 341 2177 est,
354 2140 484 2169 tanmtsi
497 2144 606 2169 contra
625 2140 783 2170 Orclliztm
800 2140 832 2169 F
830 2141 930 2170 eclzter
941 2141 985 2170 sic
999 2141 1105 2180 legerit
1122 2141 1275 2170 iussusue
1365 2146 1415 2171 est
1433 2141 1504 2172 add.
1520 2142 1622 2172 Orelli

293 2194 329 2222 14
354 2183 496 2213 Antonii
512 2182 584 2212 ΑΡ
689 2183 730 2212 ab
746 2183 836 2214 AB:
863 2184 904 2213 ob
921 2183 973 2214 P:
997 2184 1036 2213 ab
1054 2194 1093 2213 eo
1111 2184 1283 2214 deuictum
1298 2184 1471 2214 Acidalius
1490 2187 1529 2225 (ἲ)
1547 2197 1554 2215 :
1577 2185 1617 2215 ab

290 2227 410 2257 eodem
427 2227 552 2256 uictum
567 2226 794 2266 inleq‘holatnm
813 2231 903 2256 ratus
920 2231 965 2257 est
985 2227 1100 2257 Novdk
1236 2236 1273 2265 15
1298 2229 1484 2258 seruandae
1501 2238 1566 2258 om.
1580 2228 1614 2257 A

293 2271 331 2300 16
350 2274 426 2309 post
437 2271 536 2300 etiam
553 2280 683 2299 erasum
700 2274 744 2299 est
759 2270 791 2299 in
808 2270 840 2299 A
862 2281 909 2309 pr.
922 2271 1082 2300 nimirum
1098 2272 1274 2310 scripturus
1295 2271 1409 2309 fuerat
1433 2271 1466 2301 A
1473 2271 1616 2301 merbach

290 2314 435 2352 priuauit
466 2313 595 2352 spiritu,
623 2313 738 2343 melius
773 2313 859 2343 credo
893 2314 939 2343 ad
958 2324 1077 2343 sonum
1109 2318 1205 2352 alque
1233 2314 1401 2353 emphasin
1580 2316 1618 2344 18

290 2358 488 2395 Cleopatrae
513 2367 598 2395 quae
622 2356 655 2386 A
790 2357 889 2387 fuerit
914 2367 951 2386 ex
973 2357 1092 2387 suisset
1114 2357 1173 2387 A:
1199 2357 1315 2388 fuisset
1338 2357 1372 2388 P
1525 2368 1563 2396 19
1587 2358 1617 2388 ei

293 2400 428 2430 Cludius
560 2410 601 2430 22
625 2400 751 2439 primus
768 2400 969 2432 add.Aldns
984 2400 1122 2440 scdpost
1139 2401 1279 2431 dederat
1389 2411 1431 2440 23
1455 2401 1616 2442 Actiacossj

291 2443 323 2474 A
346 2444 413 2484 (sic)

918 2520 977 2541 100
