1799 2864
589 182 1045 222 COMMENTARIVS
1076 183 1337 224 CRITICVS

304 293 451 329 sedibus
486 293 558 328 suis
586 300 695 339 atque
726 294 760 328 in
791 294 959 329 inferiora
987 295 1171 340 refugiens
1198 295 1232 331 in
1259 295 1400 331 cinctos
1431 296 1627 333 Herciniae

303 354 416 389 siluae
435 365 585 398 campos
604 352 798 389 incolebat.
818 355 866 388 A.

352 412 585 446 Maroboduo
602 412 646 446 P.
696 411 865 446 inferiora
881 414 991 446 etiam
1009 413 1064 448 P:
1093 412 1263 448 interiora
1283 414 1464 448 Gelenius.
1530 415 1626 448 Her—

302 469 408 514 cynia
427 470 518 504 silua
535 471 726 512 Heinsius,
744 471 789 504 K
787 473 870 513 rilz,
890 471 1054 505 Mz'lkau.
1144 471 1282 506 cinctos
1301 472 1447 514 Novdk,
1468 471 1502 506 in
1520 476 1627 506 ratus

301 528 359 562 lzic
375 532 418 562 ut
433 531 538 573 saepe
554 529 651 562 alias
667 530 707 562 in
724 529 777 562 M
775 529 966 563 urbacensz'
980 531 1109 563 uz'tz'ose
1125 529 1304 563 additum.

350 586 487 620 Novak
513 597 576 620 cur
601 586 767 621 datiuum
794 593 876 631 post
902 589 1042 620 cinctus
1066 598 1140 621 non
1170 586 1366 630 retinuerit,
1397 587 1543 622 nescio:
1575 587 1627 622 sic

303 646 408 690 Prop.
436 645 479 679 iii.
503 646 535 680 6.
555 655 599 689 30
625 646 823 690 Cinctaque
835 647 991 691 funesto
1020 646 1129 679 lanea
1158 648 1256 680 uitta
1283 648 1366 680 uiro
1393 646 1455 680 ubi
1483 649 1627 692 cingere

301 706 435 738 uittam
453 705 536 738 uiro
554 703 686 738 eodem
704 704 816 737 modo
833 703 971 738 dictum
990 710 1045 738 est
1063 715 1134 748 quo
1153 703 1303 738 induere
1323 705 1380 738 uel
1399 705 1625 740 circumdare

301 761 475 796 amictum
493 761 608 796 alicui.
645 763 694 796 Et
710 769 834 795 tamen
852 763 1026 795 incinctos
1043 760 1164 805 potius
1178 773 1200 795 a
1217 763 1406 797 Paterculo
1424 763 1625 807 profectum

302 820 422 862 credo,
450 819 549 864 quod
572 830 691 863 neque
717 826 793 853 tam
824 818 969 852 difficile
999 830 1043 852 ac
1072 818 1256 862 poeticum
1283 819 1339 862 sit,
1365 827 1401 854 et
1427 828 1552 865 aperte
1578 822 1626 855 ad

301 883 521 912 structuram
540 875 641 911 uerbi
658 876 888 910 circumdari
902 876 1174 910 accommodari
1191 876 1359 921 potuerit.
1403 877 1626 913 Huiusmodi

301 934 526 969 immersiones
559 941 659 968 amat
694 933 887 978 praecipue
912 933 1141 978 Propertius:
1181 933 1233 968 sic
1255 934 1287 968 ii.
1299 945 1330 977 4.
1351 943 1367 978 5
1388 935 1625 979 [Vequiquam

293 993 450 1037 pensum
473 994 561 1026 meis
582 996 773 1036 unguenta
797 992 954 1036 capillis,
974 1003 1057 1026 cum
1083 991 1238 1026 usitatus
1261 999 1356 1027 esset
1375 994 1543 1038 profusos
1562 1005 1625 1028 un-

299 1051 444 1095 guentis
464 1050 612 1095 capillos
631 1050 762 1084 dicere.

346 1119 421 1153 109
444 1119 455 1142 1
488 1109 629 1153 Corpus
657 1119 764 1142 suum
790 1107 955 1142 custodia
985 1114 1064 1142 tum
1094 1107 1286 1153 imperium
1315 1109 1498 1153 perpetuis
1526 1121 1628 1144 exer-

300 1166 390 1200 citiis
410 1177 527 1210 paene
545 1166 592 1200 ad
620 1167 811 1199 Romanae
837 1165 1052 1210 disciplinae
1076 1166 1230 1200 formam
1256 1167 1447 1200 redactum
1472 1166 1573 1201 breui
1591 1166 1626 1202 in

299 1224 463 1259 eminens
493 1231 529 1258 et
562 1231 688 1258 nostro
722 1235 868 1269 quoque
902 1223 1053 1268 imperio
1087 1223 1291 1258 timendum
1323 1224 1491 1269 perduxit
1523 1225 1626 1260 fasti-

299 1281 410 1326 gium.
429 1282 464 1315 A
470 1308 477 1315 .

350 1342 391 1374 In
425 1341 505 1374 loco
540 1339 751 1374 difficillimo
784 1351 899 1374 unum
932 1338 1068 1384 optime
1109 1339 1296 1374 inuentum
1327 1339 1434 1374 uideo
1465 1339 1500 1374 in
1528 1341 1627 1385 quod

300 1400 490 1444 Wopkens
509 1406 544 1434 et
570 1398 668 1434 Kritz
692 1398 912 1444 conspirant,
932 1401 1063 1443 corpus
1085 1400 1222 1443 imperi
1240 1398 1507 1433 restituendum
1532 1411 1624 1434 esse.

301 1459 385 1492 Sen.
401 1459 447 1492 de
468 1459 580 1492 Clem.
597 1458 628 1491 ii.
645 1468 664 1492 2
685 1458 872 1492 Tradetur
887 1459 959 1492 ista
975 1458 1098 1491 animi
1112 1459 1172 1491 lui
1186 1458 1428 1491 mansuetudo
1445 1458 1625 1502 dffcnde-

299 1521 432 1561 surque
450 1516 640 1561 paulatim
660 1519 733 1560 per
755 1527 859 1549 omne
883 1516 1036 1560 imperii
1058 1517 1200 1560 corpus.
1251 1517 1338 1550 Tac.
1359 1515 1457 1550 Hist.
1475 1515 1496 1549 i.
1518 1517 1560 1550 16
1583 1517 1631 1551 Si

297 1576 505 1608 inmensum
530 1576 681 1619 imperii
704 1576 834 1618 corpus
857 1577 956 1607 stare
977 1575 1107 1617 posset.
1158 1573 1252 1607 Flor.
1273 1573 1316 1606 iv.
1336 1583 1367 1616 3.
1388 1582 1404 1617 5
1426 1574 1461 1608 Α
1467 1578 1626 1619 uguslus

291 1633 506 1677 perculsum
540 1632 704 1676 undique
736 1636 771 1664 et
795 1631 1058 1676 perturbatum
1085 1630 1279 1664 ordinauit
1308 1631 1459 1675 imperii
1483 1634 1624 1676 corpus.

299 1690 374 1725 Sed
408 1701 481 1723 non
515 1701 599 1724 cum
633 1688 769 1724 Kritzio
801 1701 911 1723 suum
943 1688 1107 1722 custodia
1136 1692 1215 1722 lum
1250 1687 1286 1722 in
1314 1690 1377 1722 sui
1402 1689 1624 1723 custoditum

299 1748 450 1792 refingo‚
477 1748 552 1790 sed,
580 1759 651 1792 quo
680 1747 799 1792 potius
827 1754 862 1781 et
890 1745 1073 1780 sententia
1097 1746 1197 1780 ducit
1223 1752 1258 1780 et
1284 1747 1570 1791 palaeographia
1588 1746 1624 1781 in

298 1808 361 1839 sui
383 1805 658 1840 incustoditum.
726 1806 972 1850 Opponuntur
1004 1811 1171 1848 tempora
1205 1804 1361 1838 alterum
1396 1816 1466 1849 quo
1499 1806 1625 1839 Maro—

298 1865 443 1898 boduus
472 1863 600 1908 imperi
629 1863 683 1898 sui
710 1875 843 1908 corpus
878 1862 1138 1897 incustoditum
1173 1869 1282 1907 atque
1313 1862 1393 1896 ideo
1425 1862 1625 1898 inualidum

298 1921 450 1966 reliquit.
479 1922 634 1955 alterum
668 1932 740 1966 quo
776 1922 1026 1954 Romanorum
1061 1919 1283 1954 exercituum
1318 1919 1480 1956 imitatus
1514 1921 1623 1955 disci-

298 1980 434 2026 plinam
455 1982 623 2015 Romano
651 1980 686 2014 id
709 1979 860 2024 imperio
879 1991 995 2024 paene
1015 1979 1246 2024 adaequauit.
1296 1980 1339 2013 Id
1356 1980 1474 2014 effecit
1493 1980 1624 2015 milites

299 2051 384 2073 suos
403 2051 476 2073 non
496 2038 724 2081 dimittendo,
741 2050 885 2083 semper
903 2038 1116 2080 exercendo,
1136 2045 1174 2071 ut
1193 2044 1342 2082 paratos
1361 2038 1408 2072 ad
1427 2049 1624 2083 quaecum-

298 2109 369 2143 que
387 2098 507 2138 uellet‚
525 2097 688 2131 haberet.

347 2156 473 2200 [Quod
487 2156 622 2190 habent
636 2156 712 2189 ΑΡ
725 2156 889 2189 custodia
906 2159 997 2198 lum,
1017 2153 1131 2199 potuit
1151 2153 1186 2188 id
1205 2153 1353 2198 quidem
1371 2166 1414 2188 ex
1433 2155 1511 2188 sola
1530 2155 1624 2189 solu-

296 2213 393 2248 tione
413 2214 514 2248 uerbi
532 2214 754 2247 custoditum
773 2212 859 2256 fieri,
879 2211 1253 2256 cuiusmodiplurima
1268 2211 1303 2245 in
1319 2211 1504 2246 codicibus
1519 2224 1623 2257 repe-

296 2270 448 2306 riuntur.
500 2272 574 2306 Sed
588 2272 688 2305 haud
703 2270 776 2305 scio
789 2282 835 2305 an
854 2282 927 2304 non
946 2269 1066 2315 potius
1086 2270 1122 2303 in
1141 2269 1207 2303 illis
1234 2270 1344 2304 lateat
1358 2271 1623 2304 incustoditum

297 2341 352 2362 an
362 2334 423 2371 te3
450 2336 549 2364 certe
568 2329 638 2363 hoc
656 2328 798 2363 adiecto
818 2329 948 2363 clarius
967 2339 1026 2362 res
1046 2326 1274 2371 ostenditur]

344 2398 418 2431 109
436 2398 458 2430 4
484 2399 552 2421 nec
570 2398 736 2421 securam
755 2385 971 2431 ingrementi
992 2384 1154 2427 (increm.
1173 2386 1221 2430 P)
1242 2385 1295 2419 sui
1315 2385 1528 2430 paciebatur
1545 2397 1624 2420 esse

299 2444 442 2479 Italiam
469 2444 601 2490 quippe
628 2456 708 2479 cum
729 2455 751 2479 a
768 2443 920 2479 summis
946 2442 1096 2488 Alpium
1123 2442 1214 2487 iugis
1241 2454 1336 2488 quae
1363 2444 1473 2478 finem
1500 2443 1626 2478 Italiae

933 2507 993 2550 176
