1799 2864
581 192 1037 232 COMMENTARIVS
1067 193 1328 232 CRITICVS

289 302 464 339 Perizonii
485 315 617 348 sequor
641 303 860 338 sententiam
887 303 1069 339 credentis
1095 303 1231 349 opponi
1256 303 1314 338 hic
1340 303 1434 338 inter
1451 315 1489 338 se
1515 303 1612 349 quod

288 373 462 407 prospere
480 362 550 395 sibi
575 362 712 395 Caesar
736 360 770 396 in
798 361 919 396 Sicilia
945 369 1072 396 contra
1100 362 1180 396 Sex.
1210 361 1422 406 Pompeium
1449 361 1613 405 gesserit,

287 428 322 455 et
341 420 440 465 quod
467 419 635 454 Caesaris
662 420 864 465 eademque
890 419 941 454 rei
968 419 1136 464 publicae
1154 421 1325 454 Fortuna
1350 421 1397 454 ad
1425 419 1612 454 Orientem

288 478 447 512 militans
466 485 593 512 contra
610 478 823 513 Antonium.
875 480 923 513 Et
947 478 1153 513 Perizonius
1178 478 1326 524 quidem
1349 478 1463 521 (cuius
1482 478 1612 512 disser-

286 536 376 571 tatio
391 543 488 571 extat
504 536 538 570 in
554 543 652 570 tomo
667 546 688 579 4
708 537 874 581 Sylloges
894 535 1142 581 Epistolarum
1160 536 1439 579 Burmanianae,
1459 548 1518 581 pp.
1534 545 1613 579 790,

288 594 373 637 819)
403 598 479 627 lam
500 597 678 638 prospere
704 595 774 628 sibi
801 596 842 627 in
869 595 1002 628 Sicilia
1033 593 1226 637 scribebat,
1247 594 1345 639 quod
1376 606 1444 638 ego
1470 604 1613 638 quoque

287 651 516 686 conieceram
544 652 608 686 sed
636 651 761 686 addito
791 656 870 685 lum
899 659 935 686 ut
964 652 1035 685 sibi
1065 657 1144 686 lum
1180 651 1214 685 in
1243 653 1373 686 libiam
1403 659 1614 696 corruptum

287 711 477 745 crederem
498 710 563 753 (sic
583 712 729 745 Solium
748 711 886 744 habent
905 711 980 744 ΑΡ
998 711 1053 745 86.
1073 721 1092 744 2
1111 722 1177 755 pro
1196 722 1239 745 eo
1258 711 1356 756 quod
1374 718 1429 745 est
1448 712 1611 753 Sosium)

288 769 360 802 sibi
375 776 498 802 autem
517 768 614 813 quod
635 767 694 802 ille
713 767 959 811 coniungebat
978 779 1060 801 cum
1079 769 1269 811 militatur,
1290 780 1358 812 ego
1380 769 1427 803 ad
1438 771 1615 813 prospere

288 826 408 871 potius
427 827 553 870 refero,
574 833 612 860 ut
631 825 812 860 sententia
831 825 897 860 sit:
926 838 999 871 qua
1017 833 1157 861 aestate
1180 828 1318 861 Caesar
1340 834 1415 861 tam
1440 839 1614 872 prospero

290 883 358 918 sibi
391 891 525 918 euentu
559 891 636 918 tum
673 884 724 927 (h.
738 895 768 918 e.
805 891 842 917 ut
878 883 949 918 iam
985 883 1070 927 dixi)
1106 883 1273 918 militauit
1307 884 1343 918 in
1374 884 1494 919 Sicilia
1521 884 1615 919 circa

291 942 536 976 Naulochum.

337 1000 385 1032 Et
405 1000 583 1033 hactenus
609 997 756 1043 quidem
776 997 810 1032 in
837 999 947 1043 plano
972 1006 1056 1033 sunt
1081 999 1224 1034 omnia:
1252 1011 1347 1044 quae
1368 1007 1537 1034 secuntur
1560 999 1617 1034 uix

289 1064 461 1101 poterunt
490 1055 558 1090 nisi
589 1055 737 1090 inuento
770 1067 868 1090 nouo
903 1056 1029 1091 codice
1069 1056 1260 1091 enucleari.
1314 1059 1412 1091 Nam
1448 1056 1488 1099 si,
1523 1068 1616 1102 quae

289 1112 557 1158 simplicissima
575 1113 666 1148 ratio
685 1121 751 1158 est,
771 1115 854 1148 bene
879 1114 911 1147 in
940 1115 1031 1148 bona
1049 1114 1247 1157 refinxeris,
1266 1116 1357 1148 bona
1375 1122 1452 1149 arte
1477 1126 1559 1149 cum
1577 1116 1617 1148 in

292 1172 448 1206 Caesare
464 1175 498 1204 et
514 1173 554 1204 2'72
573 1174 647 1216 rap.
666 1170 850 1213 struxeris,
870 1172 903 1205 h.
916 1183 947 1206 e.
965 1172 1110 1206 fortuna
1128 1172 1325 1216 benignam
1341 1184 1379 1207 se
1398 1171 1433 1206 in
1450 1171 1617 1206 Caesaris

288 1237 324 1264 et
343 1228 431 1273 reip.
450 1228 676 1274 temporibus
694 1230 888 1274 praebens,
904 1229 1028 1264 nescio
1048 1231 1232 1275 quomodo
1252 1231 1401 1274 languet
1421 1230 1507 1264 illud
1525 1231 1617 1264 bona

290 1287 341 1322 sic
360 1287 551 1321 seductum
569 1288 616 1321 ab
638 1286 690 1322 eis
715 1287 845 1332 quibus
869 1289 1143 1322 adnectendum
1167 1295 1266 1331 erat;
1294 1288 1369 1322 siue
1393 1300 1458 1333 pro
1477 1290 1516 1322 in
1535 1300 1618 1322 cum

290 1346 504 1379 Burmanno
525 1344 681 1379 Christio
700 1345 931 1383 Froehlichio
950 1349 1023 1390 pro
1050 1345 1263 1390 substituas,
1282 1345 1437 1380 difficilis
1464 1345 1618 1380 mutatio

290 1415 358 1438 nec
377 1403 685 1448 palaeographiae
705 1403 929 1439 conueniens
947 1411 1014 1439 est.

338 1463 523 1507 Egressus
547 1462 645 1506 quod
672 1468 707 1496 et
733 1462 769 1496 A
797 1469 832 1496 et
851 1463 886 1496 P
903 1463 1042 1497 habent
1060 1474 1134 1496 non
1161 1462 1268 1497 uideo
1291 1461 1409 1496 curin
1432 1464 1619 1508 ingressus

291 1526 459 1553 mutetur.
508 1519 596 1553 Vult
623 1520 835 1554 Paterculus
860 1520 1063 1554 Antonium
1086 1520 1285 1555 Armeniae
1310 1521 1401 1555 fines
1419 1532 1463 1554 ac
1487 1519 1618 1555 deinde

294 1576 442 1611 Mediae
466 1576 640 1612 transisse
667 1585 701 1612 et
727 1584 810 1622 post
837 1590 875 1612 se
906 1577 1094 1623 reliquisse
1120 1586 1305 1623 petentem
1336 1580 1500 1622 Parthos,
1529 1590 1619 1622 quo-

291 1636 403 1669 modo
431 1635 622 1670 Sallustius
647 1635 735 1670 dixit
757 1637 834 1680 Iug.
853 1646 865 1670 1
878 1646 918 1670 10
935 1637 1152 1681 egoflumen
1167 1637 1389 1670 [Mulucham
1407 1637 1509 1681 quod
1521 1639 1622 1670 inter

293 1704 348 1725 me
377 1696 412 1725 el
437 1693 638 1737 [Micipsam
659 1694 756 1738 fluit
785 1705 858 1727 non
888 1695 1069 1739 egrediar.
1123 1695 1208 1728 Sall.
1230 1695 1271 1728 fr.
1298 1693 1317 1728 i.
1346 1694 1409 1728 106
1442 1695 1619 1728 Mauren-

292 1751 446 1785 brecher
457 1762 551 1796 gens
567 1763 656 1785 raro
673 1763 816 1797 egressa
821 1752 920 1796 finis
929 1764 1024 1795 suos,
1042 1752 1084 1786 fr.
1103 1751 1148 1786 iii.
1169 1762 1209 1797 53
1228 1764 1392 1797 egressus
1409 1754 1620 1797 anguslz'as:

293 1814 327 1842 et
347 1807 398 1842 sic
417 1807 494 1853 ipse
511 1808 671 1843 Velleius
690 1809 722 1843 ii.
741 1820 787 1852 40
799 1811 1002 1855 fortunam
1029 1810 1191 1844 hominis
1213 1822 1387 1856 egressus,
1409 1811 1474 1844 sed
1501 1811 1546 1844 de
1571 1822 1620 1853 re,

292 1877 367 1900 non
386 1866 432 1900 de
449 1866 529 1901 loco
547 1866 722 1901 scribens.

341 1926 388 1958 82
408 1934 427 1957 2
455 1924 706 1970 praedixitque
737 1937 782 1959 ne
817 1924 1041 1959 destinatum
1076 1924 1143 1959 iter
1176 1932 1341 1970 peterent
1375 1925 1442 1959 sed
1476 1925 1621 1959 diuerso

294 1981 523 2026 siluestrique
541 1983 621 2017 loco
642 1983 740 2026 (del.)
762 1984 1005 2027 peruaderent
1022 1983 1102 2017 loco
1124 1984 1232 2027 (deb).
1251 1984 1301 2018 A.

340 2041 416 2074 loco
441 2040 610 2085 quamuis
635 2040 811 2075 omissum
838 2040 872 2075 in
898 2042 932 2075 P
956 2041 1073 2085 fuerit,
1094 2042 1323 2075 reddendum
1350 2047 1439 2085 puto
1459 2039 1621 2083 Vellei03

294 2097 350 2132 bis
384 2097 481 2132 enim
517 2097 552 2132 id
586 2110 660 2132 non
678 2106 863 2133 exarasset
898 2098 1178 2142 Alnerbachius‚
1209 2099 1278 2134 nisi
1311 2098 1514 2133 certissima
1546 2097 1622 2132 eius

295 2155 494 2191 inuenisset
513 2155 678 2201 uestigia.

343 2216 393 2257 83
416 2224 429 2248 1
461 2215 617 2249 Plancus
636 2241 643 2249 .
663 2241 670 2248 .
689 2240 697 2248 .
716 2215 844 2249 morbo
868 2214 1032 2259 proditor
1050 2241 1058 2249 .
1077 2240 1086 2249 .
1104 2241 1112 2249 .
1138 2213 1329 2258 transfugit
1353 2214 1400 2248 ad
1426 2215 1623 2248 Caesarem

296 2280 331 2307 et
351 2272 447 2306 idem
466 2279 593 2317 postea
612 2271 840 2307 clementiam
866 2271 1012 2306 uictoris
1030 2284 1096 2317 pro
1114 2284 1180 2306 sua
1204 2272 1336 2306 uirtute
1361 2271 1622 2316 interpretaba-

296 2338 355 2364 tur
389 2329 560 2364 dictitans
588 2329 625 2364 id
658 2330 855 2375 probatum
889 2342 911 2364 a
941 2331 1100 2365 Caesare
1135 2329 1191 2364 cui
1226 2329 1284 2364 ille
1319 2329 1506 2374 ignouerat
1540 2340 1623 2363 mox

295 2395 358 2423 aut
380 2388 516 2431 (autem
535 2389 583 2431 P)
603 2389 699 2422 hunc
718 2400 802 2422 mox
819 2388 1040 2422 auunculum
1059 2387 1174 2422 Titius
1194 2387 1352 2422 imitatus
1371 2394 1437 2422 est.
1455 2387 1505 2421 A.

344 2445 483 2480 Vitiata
501 2447 613 2481 uerba
630 2457 719 2480 mox
740 2450 808 2480 aut
827 2446 978 2490 (autem)
997 2445 1096 2480 hunc
1112 2457 1201 2480 mox
1215 2446 1443 2480 auunculum
1463 2443 1513 2479 sic
1531 2443 1623 2479 ordi-

932 2519 993 2552 170
