1799 2864
667 203 871 241 VELLEI
903 204 1219 243 PATERCVLI

282 311 506 362 proscriptis
525 312 699 362 aliisque,
722 312 789 362 qui
809 315 859 352 ad
879 327 969 352 eum
997 327 1042 352 ex
1069 314 1232 353 diuersis
1261 314 1387 353 causis
1417 316 1604 365 fugerant,

243 397 261 428 3
283 377 450 416 reditum
471 380 715 428 salutemque
736 387 872 428 pactus
888 387 968 417 est:
999 392 1099 429 quae
1120 394 1178 418 res
1199 388 1237 418 et
1256 380 1352 419 alios
1373 381 1606 420 clarissimos

281 442 385 481 uiros
418 452 457 481 et
495 445 695 482 Neronem
730 443 940 483 Claudiurn
975 453 1013 482 et
1048 446 1102 482 M.
1139 444 1314 483 Silanum
1349 445 1606 495 Sentiumque

280 508 532 547 Saturninum
563 518 601 548 et
629 511 857 549 Arruntium
886 524 932 549 ac
960 511 1109 550 Titium
1140 512 1305 550 restituit
1333 513 1385 551 rei
1412 513 1603 563 publicae.

280 572 445 611 Statium
477 582 608 612 autem
640 577 836 622 Murcum,
868 575 934 624 qui
964 577 1138 614 aduentu
1168 590 1239 615 suo
1269 577 1480 627 classisque
1511 579 1606 615 cele·
1625 593 1642 623 5

281 637 469 677 berrimae
500 639 601 677 uires
632 639 714 678 eius
741 640 1019 690 duplicauerat,
1051 640 1317 679 insimulatum
1349 642 1453 680 falsis
1483 642 1607 681 crimi-

279 702 515 750 nationibus,
556 704 648 753 quia
685 706 801 743 talem
849 704 976 743 uirum
1025 707 1213 755 collegam
1252 707 1368 745 officii
1408 709 1530 746 Mena
1568 716 1606 746 et

281 768 527 807 Menecrates
548 770 798 817 fastidierant,
822 770 1034 820 Pompeius
1055 771 1093 809 in
1115 771 1245 810 Sicilia
1264 772 1516 811 interfecerat.

207 833 259 879 78
334 835 427 872 Hoc
479 842 602 872 tractu
647 843 868 884 temporum
921 835 1140 882 Octauiam,
1190 849 1361 874 sororem
1414 837 1602 883 Caesaris,

280 899 335 935 M.
377 898 574 936 Antonius
612 899 721 937 duxit
759 913 930 937 uxorem.
990 899 1190 938 †redierat
1228 900 1440 950 Pompeius
1473 901 1512 939 in
1551 902 1605 940 Si·
1626 917 1665 938 10

278 962 417 1009 ciliam,
454 963 651 1001 Antonius
683 963 721 1001 in
757 963 1031 1002 transmarinas
1062 963 1294 1014 prouincias,
1329 978 1424 1014 quas
1454 966 1604 1015 magnis

278 1027 488 1065 momentis
506 1027 714 1075 Labienus,
730 1042 776 1066 ex
793 1028 987 1066 Brutianis
1004 1029 1136 1067 castris
1152 1031 1348 1079 profectus
1363 1032 1414 1068 ad
1428 1032 1602 1078 Parthos,

278 1093 467 1140 perducto
506 1105 641 1130 eorum
680 1093 849 1131 exercitu
888 1093 927 1131 in
970 1093 1118 1143 Syriam
1156 1093 1440 1144 interfectoque
1478 1096 1604 1145 legato

278 1155 427 1194 Antoni
449 1166 722 1195 concusserat:
753 1157 821 1206 qui
842 1157 984 1196 uirtute
1012 1166 1049 1196 et
1077 1159 1198 1196 ductu
1219 1158 1378 1197 Ventidi
1407 1172 1485 1197 una
1514 1172 1603 1197 curn

277 1221 508 1258 Parthorum
547 1220 670 1270 copiis
709 1221 1042 1272 celeberrimoque
1080 1222 1267 1260 iuuenum
1307 1225 1467 1270 Pacoro,
1507 1223 1605 1273 regis
1627 1241 1664 1273 15

239 1301 254 1321 2
277 1285 367 1332 filio,
390 1285 602 1324 exstinctus
632 1294 699 1324 est.
759 1291 781 1327 †
795 1286 949 1325 interim
971 1288 1115 1326 Caesar
1141 1301 1209 1337 per
1228 1289 1325 1326 haec
1346 1296 1533 1338 tempora,
1555 1302 1605 1326 ne

276 1364 334 1389 res
374 1350 604 1400 disciplinae
642 1350 921 1398 inimicissima,
962 1351 1098 1398 otium,
1132 1361 1396 1401 corrumperet
1427 1352 1602 1399 militem,

275 1415 418 1453 crebris
457 1415 496 1452 in
537 1415 692 1464 Illyrico
733 1416 1008 1466 Delmatiaque
1056 1416 1370 1466 expeditionibus
1418 1417 1605 1467 patientia

239 1497 255 1526 3
275 1480 536 1530 periculorum
557 1480 728 1530 bellique
749 1481 986 1530 experientia
1006 1482 1171 1520 durabat
1191 1481 1412 1520 exercitum.
1464 1484 1601 1521 eadem

275 1554 505 1595 tempestate
533 1545 722 1584 Caluinus
750 1546 960 1593 Domitius,
983 1560 1073 1584 cum
1100 1560 1146 1585 ex
1176 1549 1381 1585 consulatu
1411 1547 1604 1586 obtineret
1625 1566 1664 1588 20

277 1610 524 1660 Hispaniam,
573 1610 790 1660 grauissimi
838 1611 1172 1661 comparandique
1218 1612 1388 1661 antiquis
1436 1613 1603 1663 exempli

274 1683 410 1714 auctor
429 1675 500 1713 fuit
517 1691 523 1713 :
554 1675 700 1725 quippe
720 1675 833 1725 primi
854 1676 921 1726 pili
937 1676 1206 1715 centurionem
1223 1677 1384 1716 nomine
1399 1677 1602 1716 Vibillium

275 1740 328 1778 ob
348 1748 500 1789 turpem
522 1753 568 1777 ex
587 1739 671 1778 acie
691 1741 822 1790 fugam
843 1740 934 1778 fusti
954 1741 1153 1790 percussit,

318 1854 337 1882 3
363 1844 513 1874 Silanum
537 1842 627 1874 BA:
660 1843 836 1883 Syllanum
859 1843 893 1874 P
993 1844 1214 1884 Sentiumque
1238 1845 1289 1877 P:
1323 1846 1479 1877 Sentium
1495 1857 1525 1885 q.
1541 1847 1576 1875 A
1597 1859 1604 1878 :

277 1888 430 1918 Sentium
449 1887 489 1925 Q.
506 1886 538 1915 Β
669 1898 688 1925 4
712 1887 912 1918 Arruntium
929 1888 1047 1919 Orelli:
1070 1889 1266 1919 Atruntium
1283 1890 1394 1930 (-cium
1410 1890 1489 1929 BA)
1503 1889 1608 1920 BAP

275 1941 294 1969 5
321 1931 449 1961 Staium
466 1929 554 1960 AP:
580 1930 724 1960 Statium
747 1932 884 1961 Vrsinus
950 1932 1210 1962 celeberrimeA
1345 1934 1365 1963 8
1391 1934 1603 1964 Menecrates

279 1974 446 2005 Gelenius:
483 1973 697 2004 Menecrates
715 1974 748 2004 A
767 1985 773 2005 :
807 1975 986 2005 Menocres
1002 1974 1050 2007 P:
1088 1975 1305 2006 Menotrades
1322 1976 1375 2007 B:
1412 1977 1603 2008 Mencrates

277 2028 386 2057 marg.
402 2017 436 2047 P
529 2028 567 2047 10
592 2018 737 2048 redierat
755 2029 818 2048 om.
835 2018 868 2047 A
973 2029 1010 2048 12
1035 2020 1214 2050 momentis
1229 2019 1308 2058 ΑΡ,
1326 2020 1415 2060 quod
1428 2021 1604 2050 uindicaui!

279 2061 315 2092 G.
334 2061 381 2092 A.
400 2060 486 2090 Koch
502 2072 508 2091 :
533 2061 733 2091 molimentis
750 2062 913 2092 Ruhnken
1021 2073 1059 2101 13
1084 2064 1247 2102 perducto
1263 2063 1412 2094 Arnlzen
1431 2064 1476 2093 ad
1487 2064 1601 2096 Aurel.

281 2106 355 2134 Vict.
375 2104 411 2134 de
428 2105 486 2134 uir.
503 2104 546 2135 ill.
562 2114 587 2133 11
602 2116 608 2135 :
633 2106 799 2143 producto
809 2105 880 2135 ΑΡ
969 2116 1006 2144 14
1023 2106 1165 2136 Antonii
1177 2106 1248 2136 ΑΡ
1289 2106 1370 2137 Post
1386 2113 1603 2138 concusserat

276 2158 407 2178 erasum
424 2151 470 2178 est
485 2148 518 2177 in
535 2147 568 2176 A
588 2153 622 2177 et
645 2149 744 2178 ductu
762 2159 828 2178 uen
905 2148 1006 2179 Venti
1036 2150 1149 2180 diuina
1175 2161 1250 2180 cum
1266 2150 1299 2179 A
1389 2152 1427 2180 16
1450 2156 1518 2181 ext.
1535 2150 1607 2181 ΑΡ

645 2192 778 2222 interim
803 2193 930 2222 Caesar
953 2203 1014 2232 per
1036 2193 1098 2231 hec
1122 2199 1274 2232 tempora
1290 2193 1324 2224 A
1349 2194 1437 2233 (sicjz
1471 2194 1600 2224 interim

276 2245 338 2274 per
368 2234 442 2264 haec
475 2240 498 2266 t.
530 2234 564 2264 P
640 2234 773 2265 Videtur
797 2237 932 2266 interim
964 2237 1076 2276 primo
1110 2237 1260 2266 additum
1293 2241 1467 2277 tamquam
1491 2238 1602 2277 glossa

277 2288 359 2317 quae
373 2278 539 2317 explicaret
562 2289 624 2317 per
641 2279 725 2309 haec
743 2284 896 2318 tempora
907 2284 1019 2319 postea
1035 2280 1068 2310 in
1090 2284 1213 2309 textum
1237 2281 1412 2320 inrepsisse,
1431 2281 1476 2310 ita
1493 2285 1601 2311 tamen

279 2326 314 2351 nt
329 2322 362 2351 in
381 2321 585 2351 Murbacensi
603 2322 680 2352 ordo
703 2323 873 2353 uerborum
896 2324 1033 2353 incertus
1043 2324 1135 2362 fieret
1267 2334 1308 2354 22
1330 2324 1394 2354 «ΕΗ-ἑὲ
1410 2330 1526 2354 auctor
1542 2324 1602 2355 suit

276 2365 308 2394 A
331 2365 395 2404 <siff
469 2365 626 2404 primipili
642 2365 714 2395 ΑΡ
775 2365 947 2396 Vibillium
963 2366 1028 2395 BA
1046 2379 1053 2398 :
1083 2367 1247 2397 Iubillium
1264 2367 1297 2397 P
1368 2377 1409 2406 23
1426 2373 1602 2407 optut-pem

277 2408 309 2436 A
402 2408 479 2438 fusti
497 2408 567 2438 AB
582 2412 611 2438 et
625 2408 669 2439 ed.
683 2414 732 2448 pr.
754 2409 810 2445 (Pi.
830 2410 953 2449 aliquot
972 2411 1185 2450 exemplat-m:
1211 2411 1299 2440 fuste
1321 2410 1366 2442 ed.
1387 2416 1438 2450 pr.
1452 2411 1605 2450 pleraque

277 2452 483 2491 c.2·1‘nts›la›7'a,
501 2453 531 2481 si
544 2452 673 2490 quidem
690 2457 718 2481 et
733 2454 765 2482 1'11
783 2453 1050 2492 Hauerfieldismo
1067 2464 1128 2493 quo
1146 2465 1226 2484 usus
1246 2465 1321 2483 sum
1340 2458 1368 2483 el
1384 2454 1561 2484 Bodleiano
1577 2459 1604 2484 ct

278 2494 403 2525 duobus
424 2495 644 2525 Tun‘censibus
658 2499 686 2526 e!
702 2496 876 2527 Alm'en'ano
891 2500 919 2526 et
933 2496 1136 2527 Berolinensi
1149 2498 1193 2527 sic
1205 2498 1358 2537 scriptum
1375 2501 1419 2527 est

919 2558 958 2590 92
