1799 2864
679 191 885 229 VELLEI
914 190 1232 229 PATERCVLI

297 301 546 340 Antonianae
585 302 717 340 elassis
754 315 823 352 per
862 303 917 340 M.
954 301 1167 352 Agrippam
1203 303 1354 340 Leucas
1387 309 1617 351 expugnata,

296 367 432 404 Patrae
466 374 613 416 captae,
645 365 858 406 Corinthus
889 374 1091 416 occupata,
1123 365 1182 404 bis
1212 374 1302 404 ante
1334 365 1514 403 ultimum
1546 366 1620 404 dis-

259 449 274 469 2
295 430 441 469 crimen
471 431 603 469 classis
632 431 804 470 hostium
834 439 1022 481 superata.
1082 445 1146 469 rex
1173 433 1363 480 Amyntas
1393 430 1554 469 meliora
1582 439 1620 469 et

295 495 447 534 utiliora
467 504 622 534 secutus
640 510 650 543 ,-
678 509 769 533 nam
798 495 963 533 Deillius
992 494 1159 544 exempli
1186 494 1244 533 sui
1264 503 1379 533 tenax
1399 503 1441 533 ut
1460 508 1483 532 a
1504 496 1621 533 Dola-

297 560 400 598 bella
423 574 440 593 *
466 574 510 596 *ιιι
538 562 588 599 ad
617 562 825 599 Caesarem
840 575 850 607 ,·
879 559 1016 609 uirque
1042 559 1276 598 clarissimus
1308 561 1380 599 Cn.
1406 559 1617 606 Domitius,
1640 569 1658 601 5

294 625 361 675 qui
395 627 500 663 solus
535 624 847 662 Antonianarum
879 623 1046 673 partium
1084 637 1300 674 numquam
1340 623 1512 673 reginam
1546 623 1621 661 nisi

294 690 454 728 nomine
484 689 676 735 salutauit,
708 688 878 726 maximo
909 696 947 726 et
977 688 1177 738 praecipiti
1208 688 1380 738 periculo
1410 687 1621 727 transmisit

293 756 344 793 ad
365 755 584 793 Caesarem.

225 821 274 869 85
349 818 524 857 Aduenit
561 817 706 857 deinde
744 816 903 855 maximi
947 816 1180 855 discriminis
1219 817 1314 864 dies,
1354 831 1433 867 quo
1478 819 1622 857 Caesar

295 883 572 932 Antoniusque
602 881 803 932 productis
831 880 1018 919 classibus
1045 894 1115 930 pro
1140 882 1262 919 salute
1282 883 1387 928 alter,
1409 881 1449 919 in
1469 882 1620 920 ruinam

259 964 274 985 2
295 950 390 986 alter
423 957 608 986 terrarum
643 946 747 985 orbis
786 946 1032 985 dimicauere.
1092 947 1271 984 dextrum
1309 946 1469 984 nauium
1509 947 1623 984 Iulia-

295 1027 432 1051 narum
482 1026 602 1051 cornu
651 1013 707 1049 M.
749 1010 868 1049 Lurio
916 1009 1182 1057 commissum,
1222 1012 1378 1048 laeuum
1423 1011 1620 1058 Arruntio,

296 1077 491 1127 Agrippae
530 1090 648 1116 omne
687 1075 837 1114 classici
875 1075 1096 1114 certaminis
1134 1075 1334 1113 arbitrium
1350 1090 1359 1123 3
1407 1076 1551 1115 Caesar
1587 1075 1622 1114 ei

296 1143 393 1193 parti
415 1142 642 1188 destinatus,
660 1141 699 1178 in
721 1154 839 1190 quam
859 1153 882 1178 a
902 1141 1056 1178 fortuna
1076 1148 1291 1187 uocaretur,
1310 1139 1457 1189 ubique
1476 1142 1619 1179 aderat.

296 1206 428 1245 classis
462 1205 612 1244 Antoni
648 1204 821 1255 regimen
860 1204 1087 1242 Publicolae
1125 1204 1317 1254 Sosioque
1356 1204 1620 1243 commissum.

295 1280 334 1310 at
371 1272 411 1309 in
450 1280 548 1309 terra
594 1272 766 1309 locatum
805 1269 1015 1308 exercitum
1054 1271 1206 1307 Taurus
1246 1269 1434 1316 Caesaris,
1474 1269 1624 1308 Antoni

258 1348 275 1378 3
294 1337 453 1386 regebat
473 1335 673 1376 Canidius.
733 1334 801 1373 ubi
822 1334 962 1372 initum
983 1342 1179 1372 certamen
1201 1342 1269 1382 est,
1292 1334 1426 1373 omnia
1444 1334 1485 1372 in
1505 1336 1624 1372 altera

298 1410 407 1451 parte
440 1402 557 1447 fuere,
594 1402 683 1447 dux,
718 1390 901 1449 remiges,
930 1398 1083 1446 milites,
1116 1398 1154 1437 in
1188 1401 1308 1438 altera
1345 1399 1441 1437 nihil
1474 1407 1625 1449 praeter

299 1465 450 1503 milites.
496 1464 620 1514 prima
640 1472 808 1514 occupat
827 1465 958 1513 fugam
975 1464 1184 1513 Cleopatra
1202 1479 1208 1501 :
1230 1464 1426 1502 Antonius
1442 1463 1624 1513 fugientis

296 1529 451 1579 reginae
486 1543 603 1579 quam
635 1528 844 1578 pugnantis
876 1527 1007 1566 militis
1042 1528 1101 1566 sui
1132 1542 1264 1567 comes
1299 1542 1383 1567 esse
1413 1529 1558 1576 maluit,
1585 1537 1623 1567 et

297 1593 516 1643 imperator,
540 1593 606 1643 qui
627 1593 666 1631 in
688 1595 904 1632 desertores
926 1592 1074 1631 saeuire
1101 1593 1300 1640 debuerat,
1323 1595 1498 1632 desertor
1521 1607 1623 1632 exer-

257 1673 277 1701 4
296 1658 394 1696 citus
427 1658 485 1696 sui
509 1660 633 1696 factus
657 1666 725 1696 est.
782 1657 855 1695 illis
887 1657 1003 1695 etiam
1031 1659 1206 1696 detracto
1236 1657 1362 1707 capite
1391 1658 1430 1695 in
1460 1659 1621 1708 longum

296 1722 503 1761 fortissime
523 1722 725 1772 pugnandi
745 1721 900 1761 durauit
930 1721 1149 1760 constantia
1176 1730 1213 1760 et
1236 1724 1441 1772 desperata
1460 1723 1623 1761 uictoria

296 1786 335 1824 in
366 1796 531 1826 mortem
562 1787 831 1826 dimicabatur.
893 1787 1047 1833 Caesar,
1070 1800 1169 1836 quos
1202 1788 1302 1825 ferro
1329 1796 1480 1837 poterat
1509 1788 1622 1826 inter-

338 1900 357 1919 2
375 1890 562 1921 Corinthiis
577 1895 736 1929 suprascr.
751 1890 936 1920 Corinthus
952 1889 986 1919 A
1077 1899 1096 1928 3
1113 1889 1278 1929 Amyntas
1298 1890 1462 1921 Gelenius:
1484 1890 1621 1930 Myntas

294 1933 365 1964 ΑΡ
450 1934 586 1964 meliora
603 1933 653 1963 P:
679 1933 798 1963 melior
812 1933 846 1962 A
982 1944 1001 1971 4
1027 1933 1168 1963 Deillius
1184 1934 1296 1973 scripsi
1308 1938 1433 1964 secutus
1448 1934 1600 1974 Lipsium
1614 1947 1620 1966 :

295 1978 337 2007 de
362 1977 449 2007 illius
465 1977 554 2007 AP:
591 1977 721 2007 Dellius
746 1977 836 2016 nulg.
861 1980 890 2006 et
911 1976 1007 2006 Kritz
1095 1977 1261 2016 exemplis
1286 1978 1374 2007 uitae
1398 1984 1524 2009 naxuta
1542 1979 1620 2016 AF,

295 2031 370 2051 corr.
391 2021 523 2060 Lipsius
611 2031 629 2059 5
654 2021 807 2050 lacunam
823 2021 972 2059 supplent
987 2030 1025 2050 ex
1038 2019 1114 2051 Sen.
1131 2019 1266 2051 suasor.
1287 2021 1305 2051 i.
1326 2030 1342 2058 7
1378 2031 1407 2060 p.
1421 2033 1440 2060 4
1457 2021 1603 2052 Bursian
1614 2030 1619 2044 ’=

295 2064 510 2094 bellissimam
542 2069 654 2094 tamen
687 2074 756 2093 rem
790 2063 933 2094 Deillius
968 2064 1026 2103 (sic
1053 2063 1116 2093 cod.
1145 2063 1379 2102 Bruxellensis)
1407 2065 1490 2095 dixit
1521 2075 1620 2104 quem

296 2107 440 2137 Messala
459 2108 627 2137 Coruinus
650 2108 856 2137 desultorem
878 2107 1039 2137 bellorum
1063 2107 1209 2137 ciuilium
1232 2113 1341 2145 uocat,
1360 2108 1438 2147 quia
1460 2109 1500 2138 ab
1519 2109 1620 2139 Dola-

295 2151 383 2180 bella
407 2152 448 2181 ad
474 2152 627 2181 Cassium
652 2152 853 2180 transiturus
876 2151 1020 2181 salutem
1044 2150 1106 2180 sibi
1132 2156 1248 2189 pactus
1274 2156 1336 2189 est,
1357 2152 1383 2181 si
1410 2151 1620 2182 Dolabellam

295 2195 498 2225 occidisset:
535 2206 554 2225 a
586 2195 706 2225 Cassio
738 2194 862 2224 deinde
894 2195 1027 2224 transiit
1067 2194 1110 2223 ad
1137 2195 1334 2233 Antonium,
1366 2196 1547 2226 nouissime
1579 2197 1620 2226 ab

293 2237 448 2268 Antonio
476 2238 654 2276 transfugit
671 2238 712 2267 ad
730 2238 922 2268 Caesarem.
975 2234 1079 2267 Verba*
1092 2248 1151 2267 rex
1167 2238 1336 2277 Amyntas
1353 2263 1359 2270 .
1381 2262 1388 2269 .
1409 2262 1417 2270 .
1435 2240 1620 2270 transmisit

295 2282 335 2311 ad
354 2281 535 2311 Caesarem
552 2281 666 2310 Haase
685 2281 911 2320 transponebat
926 2284 1001 2311 ante
1020 2280 1076 2310 illa
1093 2281 1238 2320 denique
1256 2282 1290 2311 in
1307 2292 1366 2312 ore
1384 2306 1390 2312 .
1411 2307 1418 2313 .
1435 2306 1442 2313 .
1462 2288 1621 2322 superata

296 2334 313 2362 7
339 2325 485 2363 pericula
503 2325 537 2354 A
641 2335 678 2354 12
706 2324 805 2354 Lurio
827 2323 984 2355 Vrsinus:
1013 2324 1111 2354 Lario
1129 2324 1201 2354 ΑΡ
1362 2325 1530 2357 Adruntio
1553 2326 1626 2356 ΑΡ

298 2377 335 2406 15
360 2369 501 2398 Antonii
523 2367 602 2405 ΑΡ,
625 2372 652 2397 et
667 2368 711 2397 sic
728 2369 767 2397 16
988 2367 1103 2399 Pulico
1130 2368 1357 2408 Laesosioque
1380 2369 1452 2399 AF
1579 2380 1620 2400 22

296 2412 448 2442 detracto
470 2411 692 2442 Vascosanus:
718 2412 904 2442 detrectato
921 2411 991 2441 ΑΡ

905 2503 946 2544 98

1644 894 1682 915 10

1644 1218 1682 1250 Ι5

1643 1545 1684 1567 20
