1799 2864
705 217 874 254 LIBER
905 217 946 254 II

168 326 310 366 dimitti
340 326 552 372 exercitus;
593 326 738 376 quippe
769 324 979 374 Pompeius
1009 324 1045 361 in
1078 324 1253 361 secundo
1283 323 1487 361 consulatu

171 391 382 441 Hispanias
403 391 475 429 sibi
495 389 651 428 decerni
672 391 847 427 uoluerat
867 401 1011 437 easque
1031 401 1099 436 per
1118 387 1327 425 triennium
1348 387 1489 424 absens

168 457 251 506 ipse
280 470 325 494 ac
353 455 577 505 praesidens
607 454 692 492 urbi
723 467 791 503 per
822 453 1025 491 Afranium
1055 460 1093 490 et
1124 451 1330 497 Petreium,
1353 464 1490 488 consu-

168 523 286 558 larem
315 534 360 558 ac
389 519 635 569 praetorium,
658 520 804 567 legatos
834 531 936 563 suos,
958 516 1254 554 administrabat
1280 523 1317 553 et
1344 515 1400 561 iis,
1423 515 1489 564 qui

132 599 148 629 5
168 598 191 622 a
211 586 377 623 Caesare
397 583 652 621 dimittendos
673 582 862 620 exercitus
883 581 1188 626 contendebant,
1203 580 1488 624 adsentabatur,

168 648 223 694 iis,
242 647 309 696 qui
328 648 378 685 ab
398 647 484 696 ipso
505 660 673 696 quoque,
691 646 979 684 aduersabatur.
1030 644 1097 694 qui
1117 644 1148 682 si
1167 652 1258 682 ante
1275 643 1488 689 biennium,

167 725 284 761 quam
323 713 373 749 ad
407 725 513 749 arma
550 711 647 749 itum
687 719 754 757 est,
794 709 974 760 perfectis
1012 708 1239 746 muneribus
1278 708 1416 746 theatri
1455 716 1491 746 et

167 776 331 814 aliorum
353 790 526 825 operum,
549 790 649 825 quae
670 776 704 814 ei
731 775 999 821 circumdedit,
1022 773 1249 824 grauissima
1280 781 1491 822 temptatus

175 840 401 878 ualetudine
431 841 661 879 decessisset
693 840 731 877 in
747 839 965 889 Campania
995 839 1091 890 (quo
1123 838 1283 888 quidem
1315 846 1491 886 ternpore

111 917 150 939 10
168 905 349 943 uniuersa
371 906 483 943 Italia
509 914 601 943 uota
632 919 701 955 pro
731 907 854 943 salute
883 905 965 943 eius
995 904 1108 953 primi
1138 903 1315 942 omnium
1345 903 1491 941 ciuium

169 970 366 1020 suscepit),
396 971 582 1009 defuisset
609 972 786 1009 fortunae
813 969 1039 1008 destruendi
1066 969 1147 1007 eius
1169 971 1277 1007 locus
1302 976 1350 1015 et,
1373 982 1491 1017 quam

168 1037 274 1084 apud
305 1049 465 1085 superos
498 1037 685 1074 habuerat
717 1035 1038 1085 magnitudinem,
1061 1034 1263 1072 inlibatam
1291 1033 1493 1071 detulisset

168 1102 219 1138 ad
257 1101 410 1139 inferos.
470 1101 574 1139 bello
612 1109 742 1138 autem
782 1100 886 1138 ciuili
925 1108 962 1138 et
1001 1108 1068 1146 tot,
1109 1113 1210 1149 quae
1248 1098 1393 1136 deinde
1426 1111 1494 1147 per

170 1166 378 1204 continuos
394 1178 451 1203 XX
468 1179 592 1203 annos
609 1173 820 1203 consecuta
840 1172 940 1211 sunt,
957 1164 1067 1201 malis
1088 1177 1167 1201 non
1188 1163 1285 1200 alius
1307 1162 1493 1200 maiorem

113 1246 150 1278 15
170 1232 534 1282 flagrantioremque
555 1244 672 1280 quam
695 1231 738 1269 C.
758 1229 878 1268 Curio
899 1229 1075 1266 tribunus
1097 1229 1145 1277 pl.
1170 1227 1335 1265 subiecit
1355 1228 1491 1271 facem,

170 1297 228 1335 uir
248 1296 401 1342 nobilis,
425 1297 624 1344 eloquens⁷
646 1295 784 1340 audax,
807 1307 899 1331 suae
925 1293 1153 1342 alienaeque
1185 1300 1222 1329 et
1253 1293 1431 1329 fortunae
1458 1299 1495 1328 et

171 1361 382 1410 pudicitiae
402 1360 597 1409 prodigus,
621 1360 741 1396 homo
766 1357 1076 1407 ingeniosissime
1103 1370 1272 1405 nequam
1300 1363 1337 1393 et
1365 1357 1495 1392 facun-

171 1429 244 1465 dus
266 1427 369 1463 malo
390 1424 560 1474 publico,
583 1423 692 1461 cuius
713 1422 845 1460 animo
863 1421 1146 1474 [uoluptatibus
1164 1422 1226 1458 uel
1247 1417 1492 1470 libidinibus]
1514 1433 1534 1462 4

172 1504 300 1540 neque
325 1503 419 1538 opes
447 1490 548 1526 ullae
576 1501 704 1536 neque
736 1487 969 1535 cupiditates
996 1486 1171 1523 sufficere
1202 1492 1371 1533 possent.
1431 1483 1494 1520 hic

114 1571 153 1592 20
173 1556 298 1605 primo
329 1568 398 1603 pro
426 1553 591 1602 Pompei
619 1552 804 1601 partibus,
827 1552 867 1589 id
891 1560 959 1597 est,
982 1559 1023 1588 ut
1053 1559 1147 1588 tunc
1176 1550 1403 1595 habebatur,
1426 1561 1496 1597 pro

172 1634 211 1658 re
232 1619 399 1669 publica,
423 1631 513 1655 mox
534 1616 781 1655 simulatione
802 1624 937 1653 contra
958 1614 1191 1663 Pompeium
1212 1621 1249 1651 et
1274 1614 1494 1658 Caesarem,

173 1686 242 1723 sed
261 1684 394 1722 animo
415 1696 484 1731 pro
506 1683 672 1720 Caesare
699 1680 813 1718 stetit.
872 1679 913 1717 id
932 1679 1047 1728 gratis
1067 1692 1117 1716 an
1137 1686 1301 1726 accepto
1321 1676 1497 1714 centiens

173 1748 349 1787 sestertio
380 1746 523 1793 fecerit,
547 1754 588 1783 ut
619 1744 854 1794 accepimus,
878 1744 917 1781 in
948 1743 1080 1781 medio
1112 1742 1387 1791 relinquemus.
1446 1742 1497 1778 ad
1521 1755 1532 1762 ·

174 1814 355 1852 ultimum
390 1810 660 1849 saluberrimas
695 1814 768 1849 †et
799 1807 1054 1846 coalescentis
1089 1806 1344 1844 condiciones
1378 1804 1495 1854 pacis,

218 1930 236 1949 2
263 1919 295 1948 in
321 1918 377 1948 del.
404 1920 476 1947 ante
501 1916 684 1954 Hispanias
702 1914 734 1943 A
878 1924 897 1951 3
921 1913 1123 1943 Afrannium
1140 1911 1192 1942 P:
1219 1911 1426 1941 Africanium
1445 1910 1497 1940 B:

176 1963 370 1993 Africanum
389 1960 420 1989 A
571 1968 590 1997 5
614 1958 855 1988 adsentabatur
870 1956 919 1988 P:
945 1967 1008 1986 om.
1029 1956 1060 1984 A
1113 1955 1218 1985 ‘Puto
1236 1955 1419 1994 suppletum
1435 1964 1498 1982 esse

176 2017 196 2036 (1
213 2005 392 2036 Rlzenano’
414 2004 534 2034 Orelli:
570 2002 816 2032 assentiebatur
836 2000 1037 2029 Vascosames
1059 2003 1088 2028 et
1111 1999 1243 2038 Lipsius
1373 1998 1393 2026 6
1419 1996 1445 2026 is
1463 1996 1494 2025 A

176 2050 215 2080 ab
233 2050 305 2088 ipso
322 2057 455 2086 quoque
473 2046 537 2076 BA
556 2057 562 2075 :
588 2045 805 2076 dimittendos
822 2044 862 2073 ab
880 2044 1021 2083 ipsoque
1038 2042 1070 2071 P
1188 2052 1203 2080 7
1229 2041 1374 2071 meribus
1390 2041 1500 2079 legisse

178 2091 423 2122 Ber-nardinum
437 2090 602 2120 Rutilium
624 2089 675 2118 ‘in
692 2099 751 2118 suo
767 2087 863 2117 codice
873 2086 879 2097 ’
893 2090 1026 2116 testatus
1041 2089 1086 2115 est
1103 2084 1239 2115 Vrsinus
1254 2085 1287 2114 F
1287 2095 1390 2123 mgni.
1408 2083 1499 2113 Hisl.

173 2142 207 2176 p.
227 2145 301 2174 415y
330 2134 413 2163 unde
436 2134 499 2173 ipse
522 2132 568 2162 ad
591 2143 659 2171 130.
685 2142 697 2161 1
724 2131 847 2161 coniecit
869 2130 1055 2160 moenibus.
1105 2129 1174 2159 Sed
1197 2132 1226 2158 et
1238 2129 1305 2157 illic
1328 2127 1501 2164 affin-pauit

183 2179 218 2210 V.
234 2188 372 2209 munera
390 2177 530 2215 Pompei
650 2176 670 2205 8
695 2179 844 2205 tentatus
860 2172 893 2202 P
1024 2183 1063 2202 10
1087 2173 1192 2211 primo
1210 2171 1286 2210 ΑΡ,
1305 2181 1365 2200 em.
1389 2169 1499 2199 Vasco-

177 2232 292 2260 samcs,
308 2225 337 2251 et
352 2221 396 2250 sic
409 2219 599 2250 szonius
615 2219 646 2248 A
653 2218 799 2249 nz'madu.
820 2217 908 2246 Hist.
922 2222 956 2257 p.
975 2217 1038 2255 346
1149 2226 1186 2245 111
1212 2215 1286 2245 eius
1303 2213 1499 2244 destruendi

178 2277 249 2307 eius
272 2275 305 2305 A
334 2275 403 2315 (sici
522 2285 560 2304 12
584 2278 663 2313 aput
679 2273 711 2302 A
840 2282 877 2309 14
902 2271 1020 2301 xxA:
1046 2266 1100 2301 fi.
1118 2270 1151 2300 Ρ
1275 2278 1312 2306 15
1336 2268 1410 2297 TR.
1434 2268 1499 2297 PL-

178 2320 210 2349 A
307 2320 345 2349 16
368 2318 434 2358 uir]
454 2317 506 2347 Vr]
520 2317 552 2346 A
568 2318 663 2357 prius
754 2316 791 2345 18
815 2315 908 2345 cuius
928 2315 1096 2345 Gelenius:
1121 2314 1218 2343 huius
1235 2310 1306 2341 ΑΡ
1369 2312 1496 2350 uolupt.

180 2363 233 2392 uel
247 2363 337 2392 libid.
351 2363 463 2402 glossa
478 2361 605 2390 uidetur
617 2371 691 2398 esse,
705 2360 770 2389 nisi
775 2360 861 2398 fon'e
872 2358 983 2388 excidit
994 2358 1202 2398 partimpimn
1216 2356 1336 2385 obruto
1351 2356 1401 2384 uel
1411 2354 1505 2384 aliud

178 2406 346 2444 eiusmodi,
360 2405 396 2444 cf
413 2404 528 2435 Nova'k
539 2409 571 2444 p.
585 2406 627 2434 66
712 2413 751 2432 22
776 2403 921 2432 Caesare
933 2402 1054 2431 rcst1tit
1066 2401 1098 2429 A
1104 2400 1143 2438 P,
1151 2399 1328 2439 geminatis
1344 2399 1452 2428 litteris
1465 2409 1501 2428 re

180 2459 220 2487 23
243 2449 435 2480 sexcenties
452 2448 584 2487 Lipsius
599 2458 637 2477 ex
650 2447 735 2486 App.
758 2446 796 2475 Β.
812 2445 844 2476 C.
859 2446 889 2476 ii.
904 2447 954 2483 26,
975 2445 1048 2475 Val.
1062 2445 1152 2474 Max.
1172 2444 1214 2473 ix.
1232 2453 1258 2474 1.
1270 2443 1291 2472 6
1306 2453 1312 2472 ε
1337 2441 1502 2472 sextertio

180 2492 212 2522 A
231 2504 238 2524 :
263 2492 345 2523 S—H
363 2491 396 2521 P
524 2502 564 2530 24
588 2495 621 2521 et
637 2491 694 2521 del.
716 2490 861 2520 Gelenius
877 2500 884 2519 :
898 2489 1040 2528 sonasse
1056 2488 1156 2518 etiam
1173 2487 1205 2518 h.
1221 2496 1245 2517 e.
1263 2486 1445 2516 etiamnum

826 2541 866 2582 67
1293 2531 1338 2568 5*
