1799 2864
149 597 164 627 5

122 918 160 939 10

118 1563 154 1584 20

727 208 896 246 LIBER
927 208 969 245 11

186 323 399 368 consulem,
422 321 565 360 Caesar
590 327 732 366 autern,
755 320 863 368 quod
891 319 1229 358 animaduertebat
1258 334 1299 359 se
1325 322 1507 360 cedendo

186 386 349 435 Pompei
380 385 522 435 gloriae
552 392 756 422 aucturum
788 397 898 421 suam
933 391 970 421 et
1004 383 1152 421 inuidia
1185 385 1406 424 communis
1441 399 1506 435 po-

185 451 328 489 tentiae
348 450 387 488 in
407 450 515 487 illum
540 450 706 498 relegata
732 449 1051 486 confirmaturum
1079 448 1179 486 uires
1206 463 1305 496 suas,
1329 451 1502 497 Crassus,

185 524 226 554 ut
257 529 374 565 quem
408 514 667 564 principatum
698 515 803 551 solus
836 512 1000 562 adsequi
1034 527 1114 552 non
1148 522 1310 564 poterat,
1343 516 1506 554 auctori-

184 588 261 618 tate
283 579 457 628 Pompei,
479 578 626 616 uiribus
647 585 795 616 teneret
816 577 1002 616 Caesaris.
1061 579 1242 616 adfinitas
1269 578 1385 617 etiam
1408 579 1506 617 inter
1524 591 1540 620 3

184 646 391 684 Caesarem
422 644 735 693 Pompeiumque
764 650 964 681 contracta
993 643 1149 692 nuptiis,
1173 643 1319 693 quippe
1345 645 1503 691 Iuliam,

182 709 299 747 filiam
322 710 364 748 C.
389 709 576 756 Caesaris,
600 710 671 748 Cn.
698 710 866 757 Magnus
887 707 995 746 duxit
1017 721 1186 746 uxorem.
1246 708 1285 745 in
1313 709 1389 746 hoc
1415 722 1505 747 con·
1524 728 1542 756 4

181 776 307 812 sulatu
340 760 483 813 Caesar
516 775 640 823 legem
675 772 772 819 tulit,
803 780 845 810 ut
873 786 964 822 ager
993 774 1220 822 Campanus
1249 773 1379 822 plebei
1409 773 1504 811 diui-

181 840 345 885 deretur,
368 852 525 876 suasore
545 838 638 887 legis
660 837 874 887 Pompeio:
904 837 958 875 ita
977 838 1126 876 circiter
1146 850 1204 875 xx
1225 839 1333 876 milia
1357 838 1503 876 ciuium

180 916 227 941 eo
257 905 428 942 deducta
456 912 493 942 et
522 903 581 941 ius
611 902 716 941 urbis
742 902 962 941 restitutum
989 911 1077 952 post
1100 916 1225 941 annos
1251 902 1400 941 circiter
1420 915 1501 940 CL11

179 981 297 1017 quam
332 969 435 1006 bello
467 968 617 1006 Punico
651 968 700 1005 ab
734 967 924 1005 Romanis
956 968 1094 1016 Capua
1126 967 1165 1005 in
1199 969 1365 1005 formam
1398 980 1503 1016 prae—

178 1034 347 1071 fecturae
394 1034 550 1071 redacta
597 1040 685 1071 erat.
764 1032 939 1079 Bibulus,
980 1034 1128 1082 collega
1175 1032 1362 1079 Caesaris,
1412 1046 1501 1070 curn
1522 1051 1538 1081 5

176 1098 350 1136 actiones
384 1097 466 1136 eius
498 1097 619 1147 magis
657 1098 774 1135 uellet
808 1097 997 1146 impedire
1028 1110 1146 1146 quam
1180 1105 1322 1146 posset,
1356 1097 1502 1135 maiore

177 1171 285 1212 parte
323 1163 415 1201 anni
453 1163 562 1201 dorni
601 1176 641 1201 se
675 1162 822 1200 tenuit:
864 1175 943 1211 quo
977 1164 1080 1200 facto
1114 1164 1209 1201 dum
1243 1176 1383 1212 augere
1417 1164 1501 1200 uult

141 1239 157 1269 5
177 1227 366 1266 inuidiam
397 1230 579 1277 collegae,
605 1227 709 1265 auxit
738 1227 964 1276 potentiam.
1024 1235 1107 1265 tum
1135 1228 1292 1267 Caesari
1322 1229 1501 1266 decretae

176 1292 214 1330 in
236 1292 548 1342 quinquennium
572 1292 730 1331 Galliae.

230 1360 303 1395 Per
341 1358 445 1396 idem
484 1366 639 1407 tempus
678 1359 718 1395 P.
757 1357 932 1404 Clodius,
969 1359 1090 1395 homo
1128 1358 1282 1404 nobilis,
1319 1358 1497 1405 disertus,
1518 1370 1569 1407 45

175 1424 312 1469 audax,
349 1422 495 1472 quique
535 1422 693 1461 dicendi
734 1435 863 1471 neque
906 1422 1076 1460 faciendi
1115 1424 1238 1460 ullum
1272 1422 1346 1461 nisi
1381 1436 1499 1472 quem

175 1489 292 1525 uellet
313 1495 444 1525 nosset
466 1489 640 1533 modum,
659 1488 850 1525 malorum
867 1487 1155 1536 propositorum
1177 1496 1379 1526 exsecutor
1398 1502 1500 1526 acer—

175 1551 304 1599 rimus,
328 1552 481 1589 infamis
509 1552 625 1590 etiam
653 1551 792 1590 sororis
820 1559 953 1601 stupro
981 1560 1018 1589 et
1043 1560 1153 1590 actus
1180 1552 1317 1590 incesti
1338 1567 1424 1591 reus
1446 1555 1498 1592 ob

173 1616 311 1654 initum
333 1616 432 1654 inter
451 1616 739 1666 religiosissima
762 1616 897 1665 populi
919 1616 1090 1654 Romani
1117 1630 1224 1654 sacra
1249 1618 1496 1666 adulterium,

171 1695 260 1719 cum
295 1681 421 1731 grauis
456 1681 676 1719 inimicitias
708 1695 797 1719 cum
834 1683 889 1719 M.
923 1681 1114 1720 Cicerone
1153 1690 1347 1720 exerceret
1382 1684 1495 1734 (quid

170 1746 274 1784 enim
295 1746 394 1784 inter
414 1754 492 1784 tam
514 1746 712 1784 dissimilis
743 1745 914 1783 amicum
942 1759 1026 1784 esse
1052 1754 1203 1795 poterat
1217 1746 1249 1796 ?)
1271 1755 1309 1785 et
1335 1761 1358 1785 a
1384 1749 1497 1797 patri-

169 1811 241 1849 bus
262 1813 312 1849 ad
333 1812 488 1860 plebem
510 1811 718 1857 transisset,
737 1812 861 1860 legem
882 1810 922 1848 in
943 1810 1141 1849 tribunatu
1163 1811 1259 1858 tulit,
1278 1812 1345 1861 qui
1366 1813 1494 1851 ciuem

131 1877 395 1918 :Romanum
436 1890 509 1914 non
548 1877 778 1914 damnatum
817 1875 1087 1922 interemisset,
1121 1876 1155 1914 ei
1193 1890 1296 1925 aqua
1334 1885 1372 1915 et
1415 1877 1494 1927 igni

168 1941 483 1979 interdiceretur:
518 1941 628 1979 cuius
659 1940 788 1979 uerbis
823 1940 894 1979 etsi
923 1954 1004 1978 non
1034 1941 1310 1979 nominabatur
1340 1942 1491 1989 Cicero,

167 2014 298 2043 tamen
320 2007 424 2044 solus
444 2006 657 2055 petebatur.
708 2005 760 2043 ita
780 2005 838 2043 uir
858 2005 1006 2055 optime
1027 2005 1185 2044 meritus
1207 2007 1256 2044 de
1276 2020 1316 2044 re
1336 2008 1494 2056 publica
1517 2027 1530 2047 2

214 2118 227 2138 1
255 2108 428 2138 consulem
446 2107 477 2137 A
540 2108 638 2140 COS.
657 2107 691 2138 P
776 2108 967 2138 secedendo
984 2107 1017 2137 A
1117 2120 1136 2147 4
1161 2119 1259 2148 quem
1276 2109 1366 2140 AB:
1391 2111 1447 2149 qui
1464 2111 1498 2141 P

167 2161 186 2190 5
210 2152 337 2182 uiribus
353 2151 402 2182 P:
428 2152 490 2181 uiri
509 2151 637 2182 uiribus
654 2151 724 2181 AB
853 2153 874 2181 6
899 2152 1015 2181 Iuliam
1033 2151 1106 2182 add.
1128 2152 1227 2182 Orelli
1344 2154 1364 2183 8
1389 2159 1424 2184 ut
1441 2153 1493 2185 P:

165 2200 221 2225 aut
238 2195 270 2224 A
405 2206 426 2234 9
450 2205 495 2225 xx
512 2196 633 2226 ciuium
651 2195 683 2224 A
702 2208 709 2227 ι
732 2196 790 2225 ii.
815 2195 937 2225 ciuium
952 2194 986 2225 P
1117 2206 1156 2226 10
1180 2196 1270 2225 urbis
1284 2196 1443 2226 Heinsius
1466 2201 1496 2227 et

165 2249 324 2289 Madm‘g:
360 2249 401 2279 ab
428 2249 480 2280 his
506 2249 595 2280 AP:
630 2260 649 2280 a
677 2259 701 2279 11
730 2250 811 2280 uiris
842 2249 879 2280 G.
903 2248 950 2280 A.
979 2249 1068 2279 Koch
1179 2260 1255 2281 eL11.
1281 2250 1339 2281 A:
1366 2246 1445 2283 ὧι.
1464 2251 1498 2281 Ρ

168 2302 204 2322 12
229 2299 300 2323 erat
317 2303 380 2323 om.
399 2292 431 2321 A
567 2302 604 2330 14
629 2293 699 2323 uult
715 2292 785 2322 ΑΡ
930 2293 968 2322 18
989 2293 1044 2332 qui
1063 2303 1173 2332 neque
1191 2293 1415 2326 Vascosanus:
1439 2295 1497 2326 sed

165 2336 381 2376 anastrophen
409 2336 576 2376 negatinae
599 2335 710 2366 Velleio
744 2335 920 2366 m'ndicauit
952 2336 987 2368 G.
1014 2336 1046 2365 A
1086 2337 1174 2367 Koclz
1263 2336 1295 2366 ill
1324 2337 1393 2378 del.,
1421 2339 1492 2369 dein

165 2379 266 2409 ullum
281 2379 313 2408 A
409 2389 447 2417 19
470 2384 631 2409 executor
647 2379 718 2408 ΑΡ
802 2390 843 2409 22
867 2390 989 2418 graues
1005 2379 1076 2409 ΑΡ
1162 2390 1202 2418 23
1227 2381 1408 2412 dissimiles
1424 2381 1496 2412 ΑΡ

164 2431 204 2459 25
230 2433 297 2453 non
310 2422 437 2453 addidi:
459 2424 650 2453 damnatum
663 2422 752 2454 AP:
770 2423 999 2453 indemnatum
1012 2422 1182 2453 Puteanus
1270 2424 1300 2454 ei
1321 2424 1469 2456 Gelenius
1484 2437 1491 2457 :

164 2470 197 2495 et
208 2466 293 2497 AP:
311 2471 346 2496 ut
359 2467 389 2496 ei
402 2466 531 2497 Scn‘ner
543 2467 637 2506 :forl.
650 2466 681 2496 ei
694 2471 728 2496 ut
796 2467 837 2496 26
853 2467 973 2505 quibus
985 2467 1097 2498 uerbis
1104 2467 1494 2508 Burmannprobabiliter

806 2529 849 2569 63
