1799 2864
651 209 855 246 VELLEI
887 209 1203 247 PATERCVLI

265 318 304 356 in
332 331 409 367 qua
428 317 698 356 fidelissimum
725 317 891 367 partium
913 330 1068 355 suarum
1096 317 1255 355 haberet
1282 330 1411 367 regem
1434 317 1585 363 Iubam,

265 382 532 429 suadentibus,
573 385 793 432 Aegyptum
836 389 967 430 petere
1011 381 1213 430 proposuit
1258 394 1408 419 memor
1446 382 1589 420 benefi-

264 447 425 495 ciorum,
444 461 543 498 quae
564 448 603 485 in
624 455 771 497 patrem
793 446 875 484 eius
897 446 1122 492 Ptolemaei,
1141 446 1206 495 qui
1224 454 1305 484 tum
1327 459 1448 495 puero
1468 459 1586 496 quam

230 527 245 548 2
264 514 398 552 iuueni
426 513 584 563 propior
613 512 798 562 regnabat
827 511 1096 558 Alexandriae,
1119 514 1344 550 contulerat.
1404 513 1474 550 sed
1501 513 1586 562 quis

263 579 303 617 in
323 579 497 617 aduersis
529 578 809 617 beneficiorum
836 585 963 615 seruat
990 577 1248 616 memoriam?
1275 586 1341 616 aut
1361 578 1447 628 quis
1468 580 1586 616 ullam
1608 600 1624 630 5

264 643 499 682 calamitosis
531 643 665 681 deberi
696 649 806 692 putat
836 641 1027 691 gratiam?
1059 650 1125 680 aut
1152 644 1312 692 quando
1332 644 1487 681 fortuna
1507 656 1586 681 non

264 717 388 747 mutat
426 710 574 747 fidem?
622 707 728 745 missi
766 706 897 756 itaque
934 707 984 745 ab
1022 720 1121 756 rege,
1157 707 1224 757 qui
1258 708 1479 746 uenientem
1512 710 1583 747 Cn.

265 775 498 824 Pompeium
520 774 567 825 (is
588 774 665 811 iam
685 787 708 811 a
736 772 935 822 Mytilenis
963 773 1186 811 Corneliam
1210 786 1369 811 uxorem
1390 781 1586 822 receptam

263 839 303 877 in
325 853 466 878 nauem
488 840 600 888 fugae
621 838 807 877 comitem
828 838 972 876 habere
992 837 1190 887 coeperat)
1207 838 1372 876 consilio
1387 839 1587 877 Theodoti

263 913 301 944 et
322 905 465 944 Achilli
496 905 717 954 exciperent
743 906 1077 954 hortarenturque,
1100 913 1141 942 ut
1168 918 1214 943 ex
1237 905 1412 943 oneraria
1431 905 1469 943 in
1500 919 1585 943 eam
1611 923 1647 944 10

263 984 417 1017 nauem,
441 984 541 1020 quae
561 970 721 1009 obuiam
748 978 998 1020 processerat,
1021 971 1311 1008 transcenderet
1330 986 1337 1008 τ
1368 972 1475 1020 quod
1496 984 1585 1009 cum

261 1036 426 1083 fecisset,
475 1035 655 1085 princeps
705 1034 876 1073 Romani
923 1034 1093 1073 nominis
1141 1035 1304 1084 imperio
1350 1035 1586 1085 arbitrioque

262 1100 443 1150 Aegyptii
464 1100 648 1149 mancipii
670 1101 713 1139 C.
733 1101 900 1139 Caesare
916 1101 956 1137 P.
973 1099 1137 1137 Seruilio
1154 1099 1380 1137 consulibus
1394 1099 1586 1149 iugulatus

227 1173 329 1211 gest.
389 1164 453 1203 hic
484 1172 572 1214 post
603 1173 678 1203 tres
713 1166 938 1202 consulatus
970 1173 1007 1202 et
1034 1164 1199 1202 totidem
1226 1164 1444 1213 triumphos
1465 1164 1588 1202 domi-

262 1237 425 1279 tumque
458 1237 644 1268 terrarum
679 1230 814 1267 orbern
846 1228 1078 1267 sanctissimi
1112 1237 1229 1278 atque
1267 1229 1587 1278 praestantissimi
1611 1247 1644 1279 15

261 1295 334 1333 uiri
363 1295 402 1332 in
430 1295 470 1333 id
494 1294 632 1341 euecti,
658 1308 774 1344 super
797 1295 906 1344 quod
936 1294 1125 1333 adscendi
1157 1308 1237 1333 non
1268 1302 1408 1344 potest,
1441 1296 1588 1333 duode-

262 1359 545 1409 sexagesimum
566 1373 713 1397 annum
734 1359 883 1408 agentis
910 1358 1034 1408 pridie
1062 1361 1229 1397 natalem
1252 1359 1372 1408 ipsius
1393 1359 1496 1397 uitae
1517 1359 1587 1397 fuit

261 1424 396 1471 exitus,
425 1424 464 1461 in
495 1431 645 1461 tantum
677 1423 715 1460 in
746 1423 812 1461 illo
842 1423 926 1461 uiro
956 1437 979 1460 a
1009 1437 1050 1461 se
1080 1423 1329 1461 discordante
1358 1425 1523 1470 fortuna,
1546 1431 1587 1461 ut

261 1489 325 1528 cui
346 1490 466 1527 modo
486 1490 537 1527 ad
557 1488 761 1526 uictoriam
778 1496 876 1526 terra
892 1490 1077 1534 defuerat,
1096 1490 1249 1527 deesset
1264 1491 1314 1527 ad
1335 1491 1583 1538 sepulturam.

223 1573 244 1602 4
262 1555 358 1605 quid
377 1555 484 1593 aliud
505 1567 622 1604 quam
645 1554 809 1592 nimium
837 1562 1049 1603 occupatos
1076 1553 1250 1600 dixerim,
1273 1568 1371 1604 quos
1398 1554 1438 1592 in
1461 1562 1588 1593 aetate
1609 1569 1646 1590 20

261 1629 299 1659 et
320 1620 416 1658 tanti
441 1627 479 1658 et
505 1633 630 1669 paene
658 1619 778 1658 nostri
811 1619 955 1658 saeculi
987 1619 1057 1657 uiri
1089 1619 1222 1657 fefellit
1243 1619 1588 1669 quinquennium?

261 1699 351 1724 cum
378 1699 401 1723 a
425 1686 468 1724 C.
493 1684 613 1722 Atilio
640 1692 678 1722 et
706 1686 753 1733 Q.
778 1684 942 1723 Seruilio
972 1684 1199 1722 consulibus
1226 1692 1306 1722 tam
1332 1684 1454 1722 facilis
1486 1693 1586 1723 esset

260 1763 454 1788 annorum
484 1748 659 1799 digestio.
718 1750 827 1799 quod
857 1749 994 1796 adieci,
1024 1763 1103 1787 non
1135 1757 1177 1787 ut
1203 1763 1414 1799 arguerem,
1441 1751 1510 1788 sed
1537 1763 1586 1788 ne

260 1828 447 1864 arguerer.

191 1888 243 1926 54
316 1881 409 1917 Non
439 1878 509 1916 fuit
537 1886 667 1916 tamen
693 1878 815 1916 maior
838 1878 878 1916 in
899 1879 1119 1925 Caesarem,
1142 1892 1260 1928 quam
1288 1879 1326 1916 in
1353 1878 1585 1928 Pompeium
1609 1895 1645 1924 25

260 1944 395 1990 fuerat,
431 1942 529 1991 regis
568 1955 783 1992 eorumque
828 1956 995 1992 quorum
1041 1943 1071 1981 is
1115 1943 1345 1981 auctoritate
1383 1943 1588 1992 regebatur

262 2009 370 2046 fides.
429 2007 575 2057 quippe
602 2020 692 2045 cum
720 2007 945 2046 uenientem
973 2021 1062 2046 eum
1084 2015 1340 2057 temptassent
1367 2008 1517 2047 insidiis
1541 2022 1587 2047 ac

307 2110 332 2133 1⁴
348 2101 381 2130 in
405 2110 471 2139 quo
495 2098 566 2128 ΑΡ
599 2110 673 2129 corr.
702 2099 849 2130 Gelenius
991 2109 1010 2138 3
1035 2100 1220 2130 Ptolomaei
1245 2099 1315 2129 ΑΡ
1453 2111 1472 2139 4
1497 2099 1588 2140 prior

260 2149 419 2184 suprascr.
439 2144 514 2183 pior
530 2142 575 2182 A,
595 2142 741 2185 exm'ditp
760 2144 850 2182 (pro)
939 2144 1014 2182 quis
1029 2144 1134 2173 ‹u-l-lstffl
1150 2144 1183 2173 in
1200 2143 1232 2172 A
1254 2143 1322 2183 (sic)
1445 2154 1465 2182 9
1490 2154 1586 2183 cepe-

262 2192 312 2216 rat
336 2186 370 2216 P
479 2197 517 2216 10
541 2186 650 2216 Achili
676 2186 729 2216 B:
761 2186 847 2216 Achi
873 2186 932 2217 A:
954 2187 1108 2229 Achilla-e
1133 2186 1166 2216 P
1258 2196 1292 2217 11
1319 2187 1451 2217 obuiam
1470 2198 1533 2218 om.
1551 2187 1583 2216 A

264 2240 300 2268 13
324 2231 472 2270 Aegiptii
489 2229 620 2275 A*
658 2230 815 2268 mancipii
846 2229 926 2268 AF,
949 2230 1039 2269 quod
1067 2241 1131 2260 non
1164 2241 1270 2260 ausus
1298 2241 1376 2261 sum
1402 2235 1530 2260 mutare
1553 2231 1585 2260 in

262 2285 405 2324 mancipi
530 2285 618 2315 COS
632 2284 663 2313 A
682 2296 688 2315 z
706 2284 821 2315 COSS
833 2284 866 2314 Ρ
942 2294 980 2323 15
998 2284 1140 2324 atqueA
1159 2297 1166 2315 :
1190 2295 1228 2315 ac
1245 2284 1279 2314 P
1345 2286 1382 2314 16
1398 2285 1460 2314 uiri
1475 2295 1538 2316 om.
1552 2285 1583 2313 A

261 2338 329 2358 asc.
346 2328 416 2358 ΑΡ
487 2328 553 2358 duo
567 2329 609 2358 de
623 2329 888 2367 sexagessimum
902 2327 935 2357 A
1026 2339 1068 2359 20
1084 2333 1228 2359 aetatem
1242 2327 1317 2367 ΑΡ,
1330 2339 1392 2358 em.
1406 2328 1588 2358 Rhenanus

261 2382 298 2401 21
327 2382 414 2410 pene
430 2371 463 2400 A
543 2371 647 2401 seculi
661 2371 693 2400 A
806 2381 846 2401 22
870 2372 901 2401 A
912 2372 938 2402 C
950 2371 1053 2402 Atilio
1065 2371 1096 2400 A
1188 2377 1221 2402 et
1233 2371 1269 2409 P,
1285 2382 1348 2402 om.
1363 2371 1395 2400 A
1480 2372 1586 2402 facilis

264 2415 428 2445 Gelenius:
447 2414 527 2445 felix
537 2415 644 2454 (soelix
656 2415 705 2454 A)
715 2414 798 2446 AP:
816 2415 959 2454 simplex
970 2414 1083 2445 Haase
1170 2425 1211 2453 25
1228 2420 1338 2445 tamen
1353 2415 1586 2445 maiorBurer:

262 2468 328 2487 non
355 2459 459 2488 maior
480 2458 571 2489 AB:
605 2457 774 2488 maiorP:
808 2458 966 2498 supmsm't
987 2469 1026 2488 ex
1048 2464 1083 2488 tn
1102 2463 1182 2497 pars
1207 2462 1337 2488 tantum
1360 2458 1516 2497 posterior
1533 2459 1584 2498 (ᾖ)

261 2503 302 2532 26
318 2502 552 2532 auctoritatem
568 2502 638 2543 (sic)
656 2502 687 2531 A
781 2512 819 2541 27
839 2506 1037 2532 temtassent
1053 2501 1085 2530 A
1099 2513 1105 2532 :
1132 2506 1319 2532 tentassent
1333 2501 1365 2531 P

904 2561 940 2595 72
