1799 2864
630 207 835 244 VELLEI
866 204 1183 244 PATERCVLI

248 319 434 358 festinans
455 318 494 356 in
517 318 682 365 Italiam,
705 331 755 356 ne
782 317 1072 367 conspiceretur
1098 330 1121 354 a
1144 314 1410 365 praedonibus
1437 313 1571 352 omnia

247 393 340 422 tunc
361 383 631 422 obtinentibus
652 383 772 421 maria
792 391 829 421 et
850 382 988 420 merito
1009 381 1085 419 iam
1106 380 1255 419 infestis
1280 379 1364 426 sibi,
1387 386 1571 428 quattuor

247 450 482 487 scalmorum
503 462 645 486 nauem
667 461 746 486 una
765 461 855 485 curn
876 447 1033 485 duobus
1053 446 1188 484 amicis
1209 446 1427 493 decemque
1448 443 1569 482 seruis

247 514 440 563 ingressus
467 513 743 552 effusissimum
764 510 952 550 Adriatici
979 510 1094 548 maris
1121 510 1268 548 traiecit
1292 509 1431 548 sinum.
1491 521 1571 557 quo

247 578 407 628 quidem
434 578 473 616 in
500 591 613 616 cursu
641 575 872 625 conspectis,
899 583 940 613 ut
966 575 1140 624 putabat,
1168 574 1376 623 piratarum
1404 572 1571 610 nauibus

247 656 336 681 eum
358 643 525 681 exuisset
545 650 695 680 uestem
715 640 1002 690 adligassetque
1017 639 1229 688 pugionem
1249 639 1299 676 ad
1320 639 1444 676 femur
1463 638 1572 675 alter-

247 707 320 745 utri
341 721 382 746 se
402 709 580 746 fortunae
600 719 752 755 parans,
775 718 866 743 mox
886 703 1073 742 intellexit
1093 705 1316 741 frustratum
1337 716 1421 740 esse
1442 701 1571 740 uisum

247 786 361 810 suum
381 773 644 820 arborumque
664 784 710 809 ex
730 769 946 819 longinquo
967 769 1145 807 ordinem
1170 776 1442 806 antemnarum
1466 780 1572 816 prae-

207 872 214 880 ,
247 836 377 875 buisse
406 836 627 885 imaginem.
686 835 834 884 reliqua
868 834 950 872 eius
983 842 1070 871 acta
1103 833 1142 871 in
1176 833 1283 879 urbe,
1315 831 1572 869 nobilissima-

246 914 323 950 que
363 901 593 939 Dolabellae
631 899 829 937 accusatio
867 906 905 937 et
943 898 1066 936 maior
1098 897 1265 936 ciuitatis
1299 896 1339 934 in
1374 910 1419 934 ea
1449 898 1569 943 fauor,

247 979 364 1015 quam
396 965 470 1003 reis
500 964 686 1014 praestari
717 966 826 1011 solet,
858 963 1212 1012 contentionesque
1243 962 1377 1000 ciuiles
1407 975 1498 999 curn
1520 962 1568 1010 Q.

247 1031 389 1070 Catulo
409 1038 527 1079 atque
547 1029 630 1067 aliis
652 1028 969 1067 eminentissimis
990 1027 1081 1066 uiris
1109 1027 1394 1073 celeberrimae,
1417 1034 1455 1065 et
1480 1034 1572 1064 ante

247 1103 465 1144 praeturam
486 1094 613 1132 uictus
627 1095 667 1132 in
684 1093 842 1132 maximi
858 1093 1107 1143 pontificatus
1123 1091 1312 1141 petitione
1330 1092 1377 1140 Q.
1395 1092 1570 1138 Catulus,

207 1178 227 1206 4
247 1159 424 1198 omnium
446 1159 693 1197 confessione
714 1166 871 1197 senatus
895 1158 1087 1207 princeps,
1110 1165 1148 1195 et
1174 1157 1350 1195 restituta
1375 1156 1414 1194 in
1441 1156 1573 1194 aedili-

247 1232 324 1262 tate
362 1225 596 1262 aduersante
634 1224 795 1273 quidem
844 1223 1048 1261 nobilitate
1086 1222 1331 1260 monimenta
1369 1223 1412 1261 C.
1456 1221 1568 1268 Mari,

246 1289 441 1338 simulque
467 1289 640 1327 reuocati
665 1290 716 1327 ad
742 1289 801 1327 ius
829 1288 1026 1338 dignitatis
1052 1287 1357 1337 proscriptorum
1387 1286 1508 1333 liberi,
1535 1294 1573 1324 et

247 1362 424 1403 praetura
444 1362 729 1403 quaesturaque
756 1353 922 1391 mirabili
949 1353 1091 1391 uirtute
1116 1360 1234 1401 atque
1254 1351 1443 1390 industria
1466 1351 1574 1389 obita

246 1420 285 1457 in
318 1419 512 1469 Hispania
542 1420 649 1470 (cum
683 1427 785 1457 esset
814 1426 997 1468 quaestor
1026 1418 1099 1456 sub
1119 1419 1261 1455 Vetere
1285 1416 1467 1463 Antistio,
1496 1429 1572 1454 auo

246 1484 360 1523 huius
382 1484 533 1523 Veteris
563 1484 776 1523 consularis
806 1497 851 1521 ac
880 1482 1087 1533 pontificis,
1113 1483 1281 1520 duorum
1309 1480 1572 1519 consularium

247 1559 283 1588 et
322 1551 570 1589 sacerdotum
608 1549 737 1599 patris,
778 1549 849 1587 uiri
887 1548 927 1586 in
965 1555 1117 1586 tantum
1157 1546 1262 1593 boni,
1303 1545 1341 1583 in
1381 1553 1571 1594 quantum

247 1618 420 1654 humana
440 1616 666 1666 simplicitas
687 1615 858 1664 intellegi
878 1614 1036 1664 potest),
1052 1626 1131 1662 quo
1152 1612 1304 1650 notiora
1324 1618 1424 1657 sunt,
1443 1610 1572 1648 minus

247 1690 361 1732 egent
383 1682 481 1721 stilo.

174 1765 228 1802 44
303 1749 396 1785 Hoc
434 1747 548 1796 igitur
592 1747 753 1784 consule
797 1745 896 1783 inter
934 1757 1024 1782 eum
1063 1750 1101 1780 et
1139 1743 1211 1781 Cn.
1254 1740 1487 1790 Pompeium
1535 1747 1574 1778 et

249 1814 304 1850 M.
342 1813 527 1851 Crassum
565 1811 661 1849 inita
697 1809 896 1860 potentiae
935 1809 1111 1854 societas,
1147 1820 1247 1856 quae
1285 1805 1371 1843 urbi
1409 1805 1574 1854 orbique

246 1885 432 1916 terrarum
453 1890 526 1914 nec
547 1876 676 1914 minus
697 1875 853 1914 diuerso
874 1887 1033 1923 quoque
1053 1881 1229 1921 tempore
1250 1871 1342 1920 ipsis
1369 1869 1573 1908 exitiabilis
1615 1881 1632 1912 5

213 1963 226 1983 2
246 1942 327 1980 fuit.
386 1943 463 1980 hoc
492 1941 699 1979 consilium
730 1939 920 1989 sequendi
946 1937 1157 1987 Pompeius
1187 1950 1344 1975 causam
1372 1935 1572 1981 habuerat,

247 2015 288 2045 ut
318 2008 478 2045 tandem
507 2014 594 2044 acta
622 2005 661 2043 in
691 2004 956 2043 transmarinis
979 2002 1202 2053 prouinciis,
1225 2001 1378 2050 quibus,
1401 2008 1443 2038 ut
1469 2013 1575 2049 prae-

247 2071 426 2118 diximus,
459 2071 572 2109 multi
603 2070 886 2116 obtrectabant,
917 2082 985 2118 per
1014 2069 1222 2107 Caesarem
1253 2066 1574 2104 confirmarentur

291 2184 310 2204 2
335 2173 413 2214 iam]
443 2178 510 2204 tarn
537 2172 608 2202 ΑΡ
748 2184 766 2211 4
792 2171 1026 2202 effusissimam
1054 2169 1087 2199 A
1277 2179 1293 2206 7
1318 2178 1357 2199 se
1384 2168 1572 2198 frustratum

249 2218 281 2246 A
302 2218 371 2254 (sic)
526 2227 548 2256 9
572 2216 813 2254 nobilissimaq.
836 2215 965 2254 quefA
981 2214 1050 2254 (sic)
1075 2231 1078 2232 ν
1208 2223 1247 2243 10
1272 2212 1469 2243 Dolobellae
1482 2210 1574 2241 AP:

250 2261 456 2291 nobilissima
481 2261 541 2291 Cn.
571 2259 767 2290 Dolabellae
792 2259 906 2289 Haase
1051 2267 1090 2287 ea
1114 2255 1203 2287 AP:
1237 2266 1277 2286 eo
1301 2255 1478 2285 Heinsius:
1515 2264 1573 2284 reo

249 2304 378 2334 Alsters
511 2313 545 2333 11
572 2308 745 2343 praestare
761 2303 794 2332 A
898 2302 940 2340 Q.
958 2301 1008 2332 P:
1033 2312 1064 2340 q.
1082 2300 1114 2329 A
1262 2310 1299 2338 13
1323 2300 1356 2329 in
1374 2298 1446 2328 add.
1465 2298 1573 2328 Halm

251 2347 291 2386 Q.
310 2348 358 2379 P:
382 2358 402 2386 q
419 2352 574 2387 suprascr.
597 2347 638 2385 Q.
656 2346 689 2376 A
806 2356 843 2384 15
867 2346 1017 2386 quidem]
1036 2345 1145 2375 eidem
1163 2343 1293 2382 Bentley
1404 2351 1440 2380 17
1458 2341 1548 2371 obita
1566 2358 1574 2366 ·

252 2391 283 2420 in
303 2391 481 2430 Hispania·
495 2391 528 2420 A
556 2391 646 2432 (sic):
673 2390 784 2420 obitae
798 2389 956 2419 Heinsius
1090 2398 1128 2426 19
1151 2391 1252 2425 atque
1270 2385 1303 2416 P
1431 2395 1472 2424 23
1496 2395 1573 2415 con-

250 2434 323 2464 sulo
339 2440 496 2474 suprascr.
518 2445 536 2465 e
553 2434 586 2464 A
721 2443 762 2473 25
786 2434 933 2472 quoique
949 2431 1138 2463 Aa‘dalius:
1165 2430 1285 2469 cuique
1300 2429 1407 2460 Halm
1533 2438 1573 2467 27

250 2477 404 2517 praedixi
421 2477 454 2507 A

863 2538 902 2570 62

1594 908 1632 930 10

1594 1556 1634 1577 20
