1799 2864
482 241 541 277 IN
572 240 862 277 VELLEIVM
894 239 1275 277 PATERCVLVM

223 349 502 383 Artemidorum
536 349 745 383 Cornelium
779 347 956 382 medicum
986 351 1020 380 es
1050 348 1294 392 Tlepolemum
1332 348 1542 382 Cornelimn

215 410 405 451 pictorem.
456 407 562 450 Prop.
588 405 632 439 iv.
662 413 689 448 5.
717 415 733 448 3
741 413 758 449 5
788 405 943 449 Iugera!
969 405 1121 449 Apriles
1148 406 1224 439 Iole
1248 406 1323 440 libi.
1373 406 1471 440 Dial.
1498 406 1543 439 de

226 466 326 499 Orat.
354 473 372 506 7
397 475 553 508 quorum
583 465 734 497 nomina
756 465 870 507 prius
892 466 1069 507 patrenses
1100 464 1223 497 liberis
1251 465 1329 497 suis
1358 465 1545 509 ingerunt.

226 522 362 556 Minue.
390 522 518 555 Octau.
548 529 598 563 17.
623 531 642 554 2
669 522 892 565 ingerentem
919 532 992 554 sese
1018 521 1132 554 oculis
1158 525 1192 554 et
1216 522 1378 555 sensibus
1409 523 1548 554 noslris

223 581 406 614 caelestem
424 579 641 613 claritatem.

269 639 308 671 in
330 637 505 682 partibus
534 647 725 680 perperam
754 635 839 677 ΑΡ,
868 647 949 669 curn
981 634 1050 668 alio
1086 634 1289 679 significatu
1324 634 1358 668 id
1393 635 1545 669 dicatur.

225 696 309 729 Luc.
334 706 366 728 ν.
392 704 432 735 14
467 694 654 738 [Magnum
687 695 726 727 in
756 694 929 738 partibus
961 704 1043 734 esse,
1077 693 1112 726 h.
1124 704 1154 727 e.
1184 693 1307 726 fauere
1336 700 1544 726 senatorum

224 763 367 786 causae.
400 751 494 785 Flor.
505 750 550 785 iii.
566 760 596 795 5.
609 761 651 795 23
666 752 757 785 lima
771 753 809 785 in
819 751 993 795 parlibzts
1008 751 1081 785 h.e.
1097 750 1342 784 commilitans
1359 749 1545 783 Romanis.

270 811 340 843 126
364 819 375 843 Ι
406 809 563 843 sacrauit
593 815 780 853 parentem
812 820 915 842 suurn
949 810 1086 842 Caesar
1116 820 1188 841 non
1219 807 1371 852 imperio
1400 808 1464 842 sed
1492 819 1546 841 re-

224 867 355 911 ligione
374 879 448 900 non
467 866 664 911 appellauit
682 878 764 900 eum
786 867 849 900 sed
868 866 952 900 fecit
971 867 1092 900 deum.
1111 866 1159 900 A.

274 925 403 959 Manil.
422 925 466 959 iv.
486 934 529 968 93
535 934 623 967 3-93
630 933 646 968 5
674 925 734 958 Ne
758 925 899 957 dubites
924 924 1067 958 lanuini
1089 924 1239 957 diuinos
1262 923 1405 957 credere
1432 925 1545 957 uisus.

225 985 307 1016 lam
330 984 432 1028 facil
463 984 540 1026 ipse
578 983 670 1023 deos,
707 984 894 1025 missisque
925 983 978 1016 ad
1012 982 1135 1015 sidem
1168 993 1315 1023 numen,
1349 982 1481 1015 fisains
1514 986 1549 1014 et

224 1042 259 1075 A
267 1045 399 1085 agusto
416 1043 542 1074 crescis
558 1041 622 1074 sub
632 1042 803 1085 principe
819 1041 968 1075 caelum.

271 1109 335 1142 127
353 1109 374 1140 4
402 1098 573 1132 Seianum
592 1099 634 1132 V.
654 1097 704 1132 sic
723 1097 893 1132 describit

272 1157 389 1191 uirum
431 1156 649 1190 saeueritatis
683 1156 903 1190 laetissimae
937 1154 1130 1190 hilaritatis
1170 1155 1311 1200 priscae
1341 1162 1424 1190 actu
1459 1155 1547 1189 uitio

227 1214 325 1258 (del.)
345 1213 470 1248 otiosis
491 1213 710 1248 similimum.
729 1214 779 1248 A.

272 1274 346 1307 Aut
364 1273 571 1306 serenitatis
588 1278 649 1305 aut
667 1273 886 1314 securitatis,
908 1271 916 1287 ‘
929 1272 1167 1316 composure‚’
1186 1271 1430 1315 praetulerim.

273 1332 338 1364 128
367 1339 385 1363 2
423 1331 475 1364 M.
503 1330 683 1363 Catonem
726 1340 862 1362 nouum
905 1328 1013 1362 etiam
1057 1329 1219 1363 Tusculo
1262 1328 1362 1362 urbis
1405 1327 1548 1372 inquili-

225 1400 324 1422 num.
342 1388 426 1422 Al).

275 1448 367 1480 Puto
394 1444 724 1489 interpungendum
749 1456 830 1478 esse
855 1451 938 1488 post
963 1445 1130 1479 Tusculo.
1182 1445 1311 1478 Nouus
1336 1445 1446 1478 homo
1472 1450 1549 1478 erat

229 1506 322 1538 Cato
339 1503 450 1537 etiam
470 1503 505 1536 in
526 1502 661 1547 oppido
680 1501 739 1535 ubi
758 1508 865 1535 natus
884 1508 950 1543 est,
972 1503 1114 1536 Romae
1134 1513 1207 1535 non
1234 1514 1340 1536 uerus
1368 1501 1466 1544 ciuis,
1485 1501 1550 1535 sed

227 1563 421 1608 inquilinus
441 1562 516 1596 siue
534 1563 696 1604 μέτοικος,
711 1568 747 1595 ut
768 1561 915 1595 Sallusti
928 1561 1048 1595 uerbis
1061 1568 1142 1595 utar
1153 1562 1197 1595 de
1214 1561 1388 1594 Cicerone
1407 1561 1487 1594 Cat.
1508 1569 1547 1602 31

227 1622 283 1656 M.
308 1621 456 1654 Tullius
472 1620 682 1663 inquilinus
699 1620 790 1652 cz‘m’s
808 1619 910 1652 urbis
926 1620 1073 1653 Romae.

274 1689 342 1722 129
363 1688 381 1721 3
411 1679 468 1711 De
496 1677 590 1711 bello
616 1677 769 1721 loquens
797 1677 894 1720 quod
919 1688 1002 1710 cum
1031 1676 1225 1710 Sacrouiro
1251 1676 1363 1720 gessit
1389 1688 1432 1710 ac
1451 1687 1551 1710 com-

226 1736 353 1781 pressit
372 1734 551 1777 Tiberius,
570 1736 660 1768 haec
680 1734 819 1778 scripsit
838 1735 882 1769 V.

274 1803 311 1829 ut
343 1802 427 1829 ante
460 1796 497 1828 P.
530 1796 573 1828 R.
603 1792 734 1827 uicisse
764 1804 874 1837 quam
904 1793 1041 1826 bellare
1069 1799 1304 1836 cognosceret
1332 1792 1553 1836 nuntiosque

228 1852 375 1898 periculi
394 1851 568 1886 uictoriae
587 1851 823 1895 praecederet
841 1849 989 1884 nuntius
1001 1849 1023 1885 ¹.

277 1913 381 1945 Haec
401 1921 483 1943 cum
506 1918 581 1943 121.
599 1919 618 1952 3
638 1908 888 1952 comparanda
907 1915 989 1942 sunt
1007 1920 1014 1942 ε

277 1959 462 2002 Fortunae
482 1978 568 2000 uero
587 1966 666 2011 quis
684 1977 757 2000 non
777 1966 925 2000 miretur
943 1966 1209 2010 indulgentiam
1231 1966 1296 2009 (sic
1312 1966 1388 2007 Pl?
1421 1964 1555 2009 quippe

230 2026 348 2061 omnis
385 2024 692 2060 eminentissimos
725 2023 884 2058 hostium
911 2024 1023 2058 duces
1049 2036 1121 2058 non
1145 2024 1285 2058 occisos
1310 2024 1408 2057 sama
1427 2035 1554 2057 narra-

230 2084 279 2118 uit
300 2084 364 2117 sed
384 2083 523 2117 uinctos
542 2082 748 2127 triumphus
767 2081 937 2116 ostendit.

278 2139 510 2185 Comparatis
527 2140 668 2174 duobus
687 2139 743 2174 his
762 2139 849 2174 locis
867 2146 1020 2184 apparet
1042 2140 1262 2174 Rhenanum
1283 2146 1380 2173 recte
1396 2138 1555 2173 edidisse

229 2199 512 2243 indidgrenliam,
539 2198 584 2232 cf.
609 2198 707 2232 Flor.
730 2197 760 2231 ii.
785 2208 825 2239 14
852 2198 912 2232 fin.
940 2198 1006 2231 hoc
1029 2210 1171 2242 quoque
1194 2198 1255 2232 illi
1278 2200 1317 2231 in
1343 2198 1453 2231 malis
1479 2198 1557 2230 suis

231 2257 446 2300 indulgente
460 2256 625 2300 sorsumz
653 2259 696 2289 ul
714 2258 755 2299 p.
782 2256 827 2290 R.
859 2257 969 2298 quasi
995 2256 1039 2288 de
1066 2267 1152 2288 wera
1182 2267 1265 2299 rege
1293 2255 1556 2299 triumphares,

231 2325 315 2356 non,
335 2313 432 2358 quod
451 2319 506 2346 est
525 2311 560 2345 in
584 2313 633 2356 Α,
652 2313 937 2357 indillgenliam,
957 2313 1104 2346 tametsi
1123 2319 1158 2346 et
1186 2312 1345 2357 optimae
1367 2311 1556 2346 latinitatis

274 2415 283 2432 ¹
310 2414 485 2445 Simillime
519 2414 606 2445 Flor.
634 2415 665 2447 ii.
700 2424 746 2453 13.
774 2425 793 2444 2
823 2414 882 2444 lzoc
905 2414 1022 2444 bellum
1047 2419 1120 2444 ante
1133 2415 1275 2453 fim'lmn
1299 2419 1344 2445 est
1367 2426 1469 2455 qnam
1490 2415 1562 2454 geri

232 2466 360 2497 Romae
376 2466 586 2497 nunhmz’lur.

868 2537 927 2571 191
