1799 2864
569 191 1026 231 COMMENTARIVS
1056 193 1316 232 CRITICVS

326 312 372 345 32
391 311 404 336 1
421 301 481 347 qui
500 301 560 346 (Q.
575 302 742 347 Catulus)
756 314 837 338 cum
851 304 1069 338 dissuadens
1084 304 1201 348 legem
1214 304 1249 338 in
1264 303 1435 339 contione
1450 303 1600 338 dixisset

277 371 358 394 esse
377 361 524 406 quidem
549 362 777 406 praeclarum
804 362 921 396 uirum
947 364 1012 397 Cn.
1036 363 1249 408 Pompeium
1269 363 1332 398 sed
1353 362 1506 397 nimium
1525 363 1599 396 iarn

274 417 366 452 liber
393 426 490 453 aeret
514 419 601 464 reip.
626 431 743 465 neque
769 420 892 453 omnia
918 420 953 454 in
981 432 1054 454 uno
1081 421 1306 465 reponenda,
1333 420 1601 464 adiecissetque

277 475 315 509 Si
341 476 428 520 quid
453 476 538 511 huic
564 477 748 520 acciderit,
776 489 887 523 quem
913 478 948 512 in
977 478 1054 512 eius
1083 478 1205 513 locum
1226 476 1473 513 substituitis?
1515 479 1601 512 sub-

275 534 447 568 clamauit
467 535 638 569 uniuersa
657 535 780 569 contio
799 542 871 580 teq.
893 537 1031 570 Catule.
1049 537 1099 570 A.

321 591 413 625 liber
430 603 513 626 aere
532 594 575 626 P.
614 592 833 627 substituitis
853 594 895 626 P.
934 600 969 627 te
990 595 1033 637 Q.
1055 594 1183 628 Catule
1201 594 1246 628 P.

321 649 476 684 Videtur
497 651 751 685 Murbacensis
769 651 862 684 liber
877 655 986 691 aeret,
1005 663 1077 685 non
1097 652 1191 685 liber
1205 663 1287 686 aere
1303 651 1477 686 habuisse
1494 663 1502 695 ;
1530 652 1600 685 hoc

274 707 309 739 P
325 719 430 748 unus,
450 708 539 742 illud
561 720 644 742 cum
667 709 702 743 A
733 710 848 742 Burer
872 720 1017 753 quoque
1043 716 1216 744 testatur:
1251 710 1386 743 liberae
1413 708 1543 754 [fi]e7·z‘
1564 709 1600 743 in

274 764 331 798 his
354 766 466 800 latere
493 767 613 800 credo.
663 768 711 800 At
739 766 775 800 in
799 778 843 800 eo
866 767 963 811 quod
988 767 1098 801 habet
1117 767 1153 801 A
1178 766 1400 801 subslz·tu¹'t1·s
1420 779 1493 801 non
1519 768 1600 801 sub-

271 824 441 866 slllm'lis,
479 836 605 857 uerum
654 823 998 868 sulastz'lu[tum]2·tis
1029 835 1204 868 agnosco.
1269 826 1350 859 Nec
1392 825 1521 858 dubito
1564 824 1600 858 in

276 881 512 915 Murbacensi
532 893 756 926 praenomen
782 881 908 925 Quinti
935 894 1007 915 non
1035 893 1100 926 per
1123 893 1296 926 magnam
1317 883 1363 925 Q.
1389 883 1453 916 sed
1476 894 1541 927 per
1567 894 1601 928 q.

273 938 450 973 minorem
474 940 550 973 fere
576 951 723 984 semper
749 947 936 973 exaratum
960 940 1095 983 fuisse3
1122 940 1412 986 Amerbachium
1439 941 1509 974 hoc
1533 952 1602 984 que

274 995 338 1040 (q.)
367 996 655 1041 interpretatum,
686 998 908 1031 Rhenanurn
942 1005 1071 1032 contra
1104 997 1203 1043 quod
1237 997 1273 1031 in
1307 998 1434 1032 codice
1464 997 1601 1032 inuenit

272 1055 456 1088 sententia
475 1054 542 1089 loci
562 1054 615 1088 sic
633 1056 841 1099 postulante
860 1055 1087 1089 immutasse.

320 1122 406 1155 324
433 1113 712 1157 praedonesque
747 1125 812 1157 per
853 1114 967 1146 multa
1010 1125 1032 1147 a
1074 1113 1199 1147 multis
1238 1113 1328 1148 loeis
1363 1113 1470 1148 uictis
1504 1112 1601 1147 circa

273 1169 429 1203 Cilitiam
451 1170 568 1204 classe
587 1171 787 1213 adgressus
807 1171 900 1204 fudit
919 1182 962 1204 ac
979 1170 1134 1214 fugauit.
1151 1171 1202 1204 A.

318 1239 340 1260 a
358 1227 482 1261 multis
501 1227 591 1262 locis
611 1227 728 1262 uictos
746 1229 782 1262 P
799 1240 806 1262 :
835 1229 843 1244 ‘
859 1230 951 1262 alias
969 1239 1012 1262 ac
1030 1240 1077 1261 m.
1097 1229 1118 1262 1.
1139 1228 1243 1263 uictis
1259 1229 1266 1242 '
1286 1229 1420 1263 Burer.

321 1287 462 1329 Magna
480 1286 540 1320 hic
558 1286 743 1320 discordia
761 1286 921 1329 testium,
941 1292 980 1320 ut
999 1286 1119 1320 minor
1137 1286 1244 1320 solito
1263 1287 1354 1321 fides
1380 1286 1425 1320 sit
1451 1288 1600 1321 Burero.

274 1343 411 1377 Kritzio
445 1350 568 1378 tamen
602 1344 808 1388 adstipulor
842 1343 1119 1388 acrecipienffl,
1150 1344 1297 1378 tametsi
1329 1344 1358 1378 is
1381 1347 1456 1389 per
1481 1344 1602 1378 multa

271 1413 464 1446 perperam
490 1402 747 1446 interpretatus
770 1401 816 1435 sit
840 1401 988 1436 ‘multis
1009 1401 1148 1435 artibus
1173 1402 1332 1447 bellique
1352 1401 1494 1436 modis’
1513 1413 1520 1435 ε
1547 1408 1601 1435 est

271 1459 370 1493 enim
389 1459 509 1504 potius
530 1460 661 1494 ‘uariis
682 1460 909 1504 temporibus
935 1471 1055 1494 rerum
1069 1460 1100 1494 ⁹:
1130 1467 1273 1494 constat
1293 1460 1391 1494 enim
1410 1459 1602 1504 multiplex

270 1518 405 1552 bellum
434 1529 516 1552 cum
545 1517 673 1562 piratis
702 1518 826 1560 fuisse,
862 1529 981 1562 neque
1015 1517 1155 1552 eisdem
1191 1529 1337 1562 semper
1366 1518 1508 1562 legibus
1538 1518 1600 1552 ob-

270 1575 446 1609 strictum.

318 1634 452 1668 Fuitne
486 1635 601 1668 m‘clos
633 1645 680 1668 an
711 1635 820 1668 uictis
845 1634 881 1667 in
911 1633 1176 1667 Murbacensi?
1224 1634 1332 1668 Certe
1366 1645 1439 1668 non
1467 1633 1600 1668 desunt

270 1692 330 1725 alii
350 1692 430 1735 loci,
450 1692 510 1726 ubi
530 1693 546 1725 i
561 1699 596 1726 et
615 1704 634 1725 0
653 1692 746 1726 inter
764 1703 803 1726 se
821 1698 1047 1736 permutatas
1063 1692 1183 1725 Murb.
1199 1691 1379 1726 habuerit.
1421 1692 1601 1736 Exempla

271 1750 422 1784 contulit
443 1749 542 1784 Kritz
562 1761 594 1794 p.
615 1750 742 1783 lxxxix.

319 1819 367 1851 33
391 1818 402 1841 1
434 1807 495 1852 qui
522 1808 656 1852 alioqui
683 1819 748 1852 per
774 1807 896 1841 omnia
922 1806 1118 1841 laudabilis
1140 1813 1174 1841 et
1199 1807 1296 1841 bello
1322 1818 1416 1852 pene
1443 1807 1600 1841 inuictus

271 1865 448 1910 pecuniae
467 1866 669 1910 pellebatur
690 1865 872 1910 cupidine.
891 1866 941 1899 A.

317 1924 566 1968 expellebatur
583 1925 626 1957 P.

322 1981 531 2015 Scrinerum
561 1992 635 2014 non
666 1981 776 2015 audio
809 1981 1002 2015 fevebatur
1029 1988 1279 2015 autumantem
1306 1980 1411 2015 facile
1437 1979 1601 2025 potuisse

272 2038 307 2072 in
329 2039 541 2084 pellebatur
564 2038 694 2080 uitiari,
723 2039 890 2083 quamuis
922 2038 959 2072 id
989 2039 1209 2072 uocabulum
1234 2038 1437 2072 sententiae
1463 2037 1602 2082 optime

272 2097 478 2132 conueniat.
543 2097 873 2140 Palaeographiam
917 2096 946 2131 si
994 2096 1192 2140 sequimur,
1235 2097 1397 2141 proxime
1434 2096 1539 2129 abest
1580 2106 1602 2128 a

272 2155 453 2199 scriptura
478 2154 513 2188 A
539 2154 575 2188 id
595 2155 693 2199 quod
712 2166 810 2187 anno
833 2155 921 2197 1736
939 2166 982 2188 ex
1009 2154 1217 2188 coniectura
1243 2154 1344 2189 dedit
1363 2154 1601 2195 XVarburtom

273 2213 336 2246 sed
357 2213 500 2246 soloece
531 2212 668 2245 omissa
698 2213 714 2245 i
743 2212 952 2256 posteriore,
973 2212 1277 2256 pelll‘ctz'fflbalur.
1343 2212 1385 2245 Id
1415 2222 1529 2255 nuper
1563 2210 1598 2244 in

272 2271 428 2304 Aduers.
451 2269 538 2304 Crit.
556 2269 590 2303 ii.
610 2282 643 2314 p.
664 2279 729 2313 303
750 2269 918 2313 repetiuit
944 2276 1130 2314 tamquam
1159 2281 1264 2304 suum
1286 2269 1493 2311 Maduicus,
1513 2275 1601 2313 puto

274 2329 373 2372 quod
393 2328 486 2361 inter
504 2327 732 2362 coniecturas
757 2339 848 2372 quas
870 2327 970 2361 Kritz
989 2328 1215 2361 enumerauit
1233 2339 1306 2361 non
1325 2328 1436 2361 habet
1455 2328 1576 2361 locum
1592 2338 1599 2360 :

274 2394 308 2420 et
328 2386 379 2420 sic
397 2385 511 2420 edidit
540 2386 664 2420 Halm.
717 2386 822 2428 Quae
847 2385 1069 2423 emendatio,
1096 2385 1264 2430 quamuis
1291 2386 1388 2419 nullo
1416 2385 1527 2419 modo
1552 2384 1601 2418 ad

906 2516 967 2549 154
