1799 2864
720 232 889 270 LIBER
920 231 961 269 II

178 344 347 394 amplius
376 356 400 382 c
428 344 537 382 milia
566 341 783 381 hominum.
842 343 916 380 hac
945 342 1108 381 uictoria
1136 342 1291 382 uidetur
1320 344 1506 383 meruisse

181 409 340 456 Marius,
359 422 408 446 ne
430 407 512 446 eius
532 406 612 444 nati
633 419 714 444 rem
735 406 933 456 publicam
954 406 1180 456 paeniteret,
1203 421 1249 445 ac
1269 409 1372 445 mala
1391 409 1505 446 bonis

180 485 416 523 repensasse.
475 479 604 510 sextus
643 471 869 508 consulatus
907 470 1030 508 ueluti
1066 470 1284 520 praemium
1323 471 1357 510 ei
1397 473 1504 510 meri·
1525 478 1543 505 (ι

180 546 308 576 torum
329 537 452 574 datus.
512 548 592 573 non
613 542 744 572 tamen
765 534 880 572 huius
901 536 1126 573 consulatus
1150 536 1349 573 fraudetur
1371 536 1503 585 gloria,

144 618 160 647 5
180 615 259 651 quo
297 599 434 639 Seruili
473 599 660 638 Glauciae
701 599 978 648 Saturninique
1017 599 1160 648 Apulei
1201 601 1371 638 furorem
1416 614 1505 638 con-

180 664 337 703 tinuatis
357 663 572 702 honoribus
593 677 674 701 rem
695 663 894 713 publicam
918 663 1171 701 lacerantium
1193 671 1231 702 et
1254 664 1391 714 gladiis
1412 678 1505 714 quo-

178 743 255 779 que
275 737 313 767 et
333 730 454 767 caede
474 728 633 766 comitia
649 728 953 775 discutientium‚
972 730 1109 766 consul
1124 729 1241 767 armis
1262 730 1504 778 compescuit

180 793 439 842 hominesque
459 792 673 830 exitiabiles
694 792 733 830 in
756 792 929 830 Hostilia
949 792 1055 830 curia
1075 800 1200 831 morte
1220 793 1411 831 multauit.

235 858 392 896 Deinde
412 857 622 895 interiectis
643 857 777 906 paucis
796 856 909 895 annis
926 857 1166 895 tribunatum
1187 857 1272 895 iniit
1294 859 1349 895 M.
1370 857 1504 895 Liuius
1526 869 1567 904 13

122 938 161 959 10
182 925 344 968 Drusus,
393 921 452 959 uir
498 921 776 968 nobilissimus,
821 920 1177 970 eloquentissimus,
1224 922 1502 968 sanctissimus,

180 986 339 1025 meliore
377 986 416 1024 in
455 985 589 1024 omnia
622 985 780 1035 ingenio
813 985 1026 1036 animoque
1059 999 1178 1036 quam
1209 988 1365 1025 fortuna
1399 1001 1501 1025 usus.

178 1051 245 1101 qui
266 1065 356 1090 cum
378 1050 529 1089 senatui
549 1051 719 1100 priscum
744 1050 945 1089 restituere
969 1059 1127 1100 cuperet
1153 1053 1275 1090 decus
1299 1060 1337 1090 et
1361 1052 1504 1090 iudicia
1529 1067 1541 1085 ι

177 1117 228 1154 ab
257 1115 454 1165 equitibus
483 1116 534 1153 ad
558 1128 647 1153 eum
669 1116 872 1153 transferre
897 1115 1074 1153 ordinem
1098 1116 1260 1166 (quippe
1287 1130 1373 1155 eam
1400 1126 1505 1166 pote—

178 1188 318 1219 statem
357 1179 460 1218 nacti
498 1179 648 1229 equites
688 1180 927 1218 Gracchanis
966 1180 1115 1230 legibus
1154 1195 1244 1219 cum
1283 1181 1322 1219 in
1362 1183 1505 1220 multos

122 1259 159 1289 ¹5
178 1244 412 1283 clarissimos
441 1252 559 1293 atque
588 1243 932 1282 innocentissimos
962 1244 1066 1283 uiros
1095 1245 1321 1292 saeuissent‚
1354 1254 1436 1284 tum
1463 1249 1503 1283 P.

181 1309 385 1356 Rutilium,
408 1308 533 1346 uirum
562 1322 642 1346 non
669 1308 814 1346 saeculi
841 1308 910 1355 sui,
933 1310 1003 1347 sed
1030 1309 1157 1347 omnis
1183 1310 1271 1348 aeui
1298 1310 1502 1359 optimum,

179 1373 456 1423 interrogatum
481 1374 565 1422 lege
595 1374 899 1422 repetundarum
929 1373 1099 1412 maximo
1127 1387 1217 1412 cum
1241 1375 1387 1424 gemitu
1415 1375 1506 1413 ciui-

179 1438 267 1476 tatis
289 1436 600 1487 damnauerant)‚
623 1437 661 1475 in
684 1437 728 1476 iis
750 1437 853 1487 ipsis,
877 1451 977 1487 quae
997 1451 1067 1487 pro
1095 1446 1231 1477 senatu
1260 1439 1502 1486 moliebatur,

180 1511 359 1541 senatum
389 1502 525 1540 habuit
554 1502 819 1540 aduersarium
850 1516 930 1540 non
960 1503 1262 1552 intellegentem,
1292 1504 1322 1542 si
1352 1518 1430 1553 qua
1455 1507 1505 1543 de

124 1586 160 1606 20
180 1567 306 1616 plebis
344 1566 565 1605 commodis
602 1567 653 1604 ab
687 1580 734 1605 eo
771 1574 987 1616 agerentur,
1023 1567 1144 1606 ueluti
1182 1568 1418 1607 inescandae
1452 1569 1505 1606 in—

179 1631 450 1680 liciendaeque
472 1630 732 1669 multitudinis
753 1644 870 1669 causa
890 1631 982 1678 fieri,
1005 1639 1047 1669 ut
1071 1631 1288 1670 minoribus
1312 1634 1504 1683 perceptis

178 1695 325 1734 maiora
362 1695 611 1745 permitteret.
689 1695 861 1745 denique
899 1709 946 1734 ea
986 1697 1142 1734 fortuna
1182 1697 1300 1735 Drusi
1340 1697 1423 1745 fuit,
1464 1707 1505 1735 ut
1524 1716 1540 1744 J,

178 1761 382 1798 malefacta
420 1761 655 1809 collegarum
701 1759 881 1809 quamuis
926 1760 1074 1810 optime
1111 1761 1162 1798 ab
1200 1761 1286 1810 ipso
1328 1762 1504 1811 cogitatis

179 1833 335 1863 senatus
356 1825 538 1874 probaret
558 1824 691 1874 magis,
715 1832 751 1862 et
773 1825 976 1871 honorem,
999 1824 1066 1874 qui
1092 1825 1142 1863 ab
1170 1838 1218 1863 eo
1245 1827 1501 1869 deferebatur,

120 1910 134 1930 2
140 1911 156 1940 5
179 1897 388 1939 sperneret,
407 1889 575 1936 iniurias,
594 1902 694 1938 quae
714 1889 764 1927 ab
785 1889 869 1927 aliis
890 1889 1205 1937 intendebantur,
1222 1903 1351 1940 aequo
1371 1891 1504 1929 animo

178 1953 376 2003 reciperet,
399 1961 436 1991 et
460 1953 575 1992 huius
600 1967 777 1992 summae
803 1953 947 2003 gloriae
974 1953 1177 2000 inuideret,
1199 1954 1354 1993 illorum
1383 1956 1504 1994 modi-

179 2031 265 2056 cam
286 2019 408 2056 ferret.

226 2131 239 2150 1
266 2120 285 2151 E
302 2120 390 2151 AP:
412 2122 452 2152 ff:
476 2121 645 2152 Puteanus
666 2126 694 2152 et
717 2122 848 2163 Lipsius
979 2133 998 2152 2
1023 2123 1109 2153 mala
1133 2123 1229 2154 bonis
1246 2123 1393 2153 Boecler:
1417 2124 1503 2153 bona

180 2165 274 2195 malis
291 2164 379 2195 AP:
404 2164 499 2195 bonis
521 2165 607 2196 mala
630 2165 767 2196 Cludins
897 2175 917 2204 3
939 2176 1145 2208 ffigfflffiffiffi
1164 2167 1350 2206 praemium
1375 2168 1445 2207 (sic)
1468 2167 1500 2196 A

179 2217 198 2246 5
223 2208 368 2247 Appulei
394 2209 550 2248 Kreyssrg
680 2219 698 2248 7
723 2209 955 2239 consularibus
986 2210 1086 2240 armis
1109 2210 1280 2240 Aadalius
1404 2216 1503 2249 cope-

179 2251 263 2281 scuii
279 2251 312 2280 A
431 2253 450 2281 8
476 2251 662 2282 exitiabiles
678 2258 838 2292 suprascr.
857 2252 1013 2283 exitiales
1028 2252 1062 2282 A
1154 2253 1371 2283 mulctauitA
1389 2263 1396 2282 τ
1422 2254 1503 2283 mul-

179 2294 264 2325 ta·uit
278 2294 312 2323 P
444 2305 482 2334 19
506 2295 749 2333 intelligentem
766 2295 837 2325 ΑΡ
931 2307 973 2326 20
996 2297 1179 2327 inescande
1204 2297 1451 2334 inliciendeque
1467 2297 1500 2325 A

180 2348 217 2368 21
244 2338 437 2377 praeceptis
462 2341 490 2368 et
511 2339 746 2377 permitterent
768 2339 925 2369 Heinsius
950 2341 992 2377 (et
1014 2340 1183 2380 Betzlley‘):
1208 2341 1289 2378 sort.
1318 2340 1503 2370 remitteret

179 2392 220 2420 23
243 2382 397 2420 quamuis
421 2381 478 2411 A:
506 2392 605 2420 quam
629 2383 702 2412 eius
726 2382 777 2413 P:
806 2382 879 2412 eius
901 2393 1000 2422 quam
1022 2383 1207 2413 Ruhnken:
1240 2394 1336 2422 quam
1362 2384 1503 2422 quaeuis

179 2425 341 2455 Froelzlt'clz
446 2425 602 2463 cogitatis
623 2426 756 2465 scripsi:
787 2426 936 2466 vcogitata
952 2425 1023 2455 ΑΡ
1155 2437 1195 2465 24
1219 2426 1452 2457 deserrebatur
1467 2427 1500 2455 A

179 2477 219 2506 25
243 2468 316 2498 aliis
343 2467 432 2497 AP:
465 2468 529 2498 illis
550 2469 712 2499 Ruhnken
802 2471 843 2500 26
866 2470 1030 2500 modicam
1051 2469 1139 2500 AP:
1171 2470 1374 2500 inmodicam
1394 2469 1502 2499 Halm

181 2521 220 2550 27
238 2512 375 2542 efferret
391 2511 423 2540 A
429 2511 520 2542 Isters

824 2572 860 2602 31
