1799 2864
650 201 855 239 VELLEI
886 199 1147 238 PATERCV
1150 198 1204 236 LI

272 323 388 360 saepe
408 310 689 360 eruptionibus,
712 309 771 348 bis
791 315 992 359 penetrata
1018 306 1230 353 Britannia,
1253 318 1398 344 nouem
1422 304 1593 355 denique

271 375 483 413 aestatibus
520 374 586 412 uix
622 376 700 412 ulla
738 387 818 412 non
860 372 1092 411 iustissimus
1134 371 1353 420 triumphus
1398 370 1591 408 emeritus.

272 439 374 477 circa
403 439 576 477 Alesiam
610 452 704 477 uero
738 445 868 475 tantae
898 450 958 474 res
987 444 1128 485 gestae,
1159 443 1325 484 quantas
1358 435 1502 472 audere
1531 433 1595 471 uix

235 520 250 541 2
272 504 454 551 hominis,
485 505 670 554 perficere
696 516 821 552 paene
848 502 992 540 nullius
1019 501 1093 539 nisi
1119 501 1183 539 dei
1209 501 1332 539 fuerit.
1391 499 1595 549 †septimo

271 570 392 608 ferme
418 583 523 608 anno
551 570 694 608 Caesar
720 567 945 606 morabatur
966 566 1006 604 in
1032 566 1178 612 Galliis,
1201 579 1291 603 cum
1318 565 1493 604 medium
1518 565 1594 602 iam
1617 578 1634 608 5

273 647 319 672 ex
351 634 500 672 inuidia
530 633 729 683 potentiae
761 645 851 669 cum
885 631 950 668 illa
978 643 1090 679 aegre
1120 629 1363 668 cohaerentis
1393 629 1492 668 inter
1522 630 1594 668 Cn.

274 700 507 749 Pompeium
539 707 577 737 et
609 699 652 737 C.
686 699 895 737 Caesarem
925 695 1160 734 concordiae
1189 694 1329 744 pignus
1360 695 1470 741 Iulia,
1501 707 1598 732 uxor

275 764 421 814 Magni,
458 762 648 802 decessit:
691 770 808 811 atque
840 760 973 799 omnia
1006 760 1105 797 inter
1135 759 1350 797 destinatos
1381 767 1490 797 tanto
1524 759 1599 797 dis-

273 828 425 866 crimini
441 829 562 866 duces
578 826 785 864 dirimente
801 827 956 863 fortuna
971 824 1072 862 filius
1088 836 1248 873 quoque
1263 836 1406 872 paruus
1421 822 1595 872 Pompei,

236 909 253 940 3
274 892 375 930 Iulia
412 900 537 937 natus,
577 890 678 928 intra
715 890 834 928 breue
873 888 1042 938 spatium
1081 888 1187 926 obiit.
1260 896 1343 925 tum
1378 887 1417 924 in
1448 886 1598 936 gladios
1621 901 1660 922 10

273 957 484 1006 caedisque
510 956 656 994 ciuium
676 956 828 993 furente
851 954 1012 1000 ambitu,
1035 953 1145 991 cuius
1172 966 1301 1002 neque
1328 952 1415 990 finis
1439 952 1600 1001 reperie-

273 1023 386 1061 batur
406 1035 480 1059 nec
496 1022 653 1067 modus,
675 1020 810 1058 tertius
831 1021 1056 1058 consulatus
1077 1019 1149 1057 soli
1170 1020 1242 1058 Cn.
1266 1018 1458 1067 Pompeio
1482 1017 1599 1056 etiam

273 1086 566 1125 aduersantium
593 1093 708 1123 antea
735 1084 913 1134 dignitati
940 1083 1022 1122 eius
1050 1083 1195 1121 iudicio
1219 1084 1370 1121 delatus
1398 1090 1466 1128 est,
1489 1082 1599 1120 cuius

274 1151 337 1189 ille
357 1150 517 1188 honoris
537 1149 658 1199 gloria
673 1150 781 1187 uelut
797 1147 1055 1186 reconciliatis
1072 1147 1145 1185 sibi
1162 1147 1416 1196 optimatibus
1432 1147 1600 1185 maxime

273 1229 296 1253 a
317 1216 360 1254 C.
385 1216 552 1254 Caesare
574 1213 764 1251 alienatus
785 1221 843 1251 est
857 1227 867 1259 ,-
896 1213 966 1250 sed
986 1212 1068 1250 eius
1093 1213 1318 1250 consulatus
1339 1225 1498 1249 omnem
1519 1211 1599 1249 uim
1623 1225 1660 1255 15

234 1295 254 1323 4
274 1279 314 1316 in
341 1278 620 1317 coercitionem
643 1277 814 1315 ambitus
835 1277 1014 1315 exercuit.
1074 1289 1154 1326 quo
1174 1284 1350 1325 tempore
1371 1278 1412 1313 P.
1436 1276 1600 1315 Clodius

273 1356 297 1381 a
322 1343 474 1381 Milone
504 1342 715 1380 candidato
742 1343 968 1379 consulatus
996 1341 1176 1389 exemplo
1202 1340 1389 1378 inutiliter
1414 1341 1518 1378 facto
1540 1342 1606 1378 sed

275 1408 432 1447 salutari
468 1408 523 1446 rei
561 1407 742 1457 publicae
777 1407 879 1445 circa
913 1406 1086 1444 Bouillas
1121 1413 1320 1443 contracta
1358 1419 1404 1443 ex
1437 1418 1601 1443 occursu

274 1475 354 1511 rixa
373 1473 568 1524 iugulatus
595 1481 663 1511 est.
724 1472 917 1510 Milonem
943 1485 1052 1509 reum
1080 1484 1161 1509 non
1187 1470 1310 1520 magis
1336 1470 1486 1508 inuidia
1512 1470 1603 1508 facti

238 1555 255 1585 5
276 1551 395 1588 quam
425 1537 591 1587 Pompei
617 1537 820 1576 damnauit
848 1538 1032 1574 uoluntas
1047 1550 1057 1583 3
1086 1549 1205 1585 quem
1232 1535 1394 1584 quidem
1422 1536 1477 1572 M.
1502 1536 1602 1574 Cato
1624 1549 1665 1571 20

275 1604 404 1651 palam
429 1603 506 1640 lata
531 1602 701 1640 absoluit
728 1601 943 1640 sententia:
975 1600 1042 1650 qui
1066 1600 1097 1637 si
1123 1599 1310 1637 maturius
1338 1599 1499 1645 tulisset,
1522 1613 1602 1637 non

275 1667 491 1706 defuissent
529 1666 596 1717 qui
634 1673 888 1716 sequerentur
925 1665 1147 1713 exemplum
1186 1664 1474 1713 probarentque
1513 1676 1603 1701 eum

276 1733 404 1770 ciuem
431 1732 619 1779 occisum,
644 1745 724 1781 quo
753 1744 871 1769 nemo
900 1729 1154 1780 perniciosior
1182 1729 1236 1767 rei
1264 1729 1446 1778 publicae
1475 1742 1604 1778 neque

277 1797 391 1836 bonis
412 1797 605 1835 inimicior
624 1796 781 1834 uixerat.

204 1865 258 1913 48
333 1863 440 1899 Intra
460 1861 579 1899 breue
611 1861 756 1899 deinde
782 1860 950 1910 spatium
977 1859 1069 1897 belli
1095 1858 1219 1897 ciuilis
1239 1866 1462 1896 exarserunt
1482 1858 1602 1904 initia,
1625 1873 1664 1905 25

279 1939 369 1964 cum
389 1925 623 1964 iustissimus
643 1925 810 1975 quisque
837 1933 875 1963 et
900 1938 923 1962 a
955 1925 1121 1963 Caesare
1152 1931 1190 1961 et
1215 1936 1239 1961 a
1268 1922 1460 1972 Pompeio
1486 1924 1605 1960 uellet

321 2040 341 2068 3
366 2034 483 2068 gestae
499 2028 533 2058 A
551 2041 558 2059 :
582 2039 646 2059 om.
660 2027 700 2067 Ρ,
719 2028 776 2058 sed
778 2028 886 2067 juisse
901 2027 934 2057 in
952 2026 1159 2056 Murbacensi
1172 2029 1310 2055 testatur
1322 2024 1431 2054 Burer
1537 2036 1556 2063 4
1573 2024 1605 2054 id

279 2083 348 2121 del„
368 2084 438 2114 dein
453 2088 611 2123 suprascr.
627 2077 665 2113 ffi'
671 2083 704 2112 A
780 2082 942 2113 sit-fiuefit
954 2081 1053 2111 fuerit
1069 2081 1101 2110 A
1120 2081 1187 2121 (sic)
1265 2080 1410 2119 septimo
1430 2080 1497 2120 (sic‘,
1516 2078 1588 2108 ΑΡ
1598 2090 1604 2109 ;

278 2132 398 2167 quarto
423 2127 579 2165 Laurent,
599 2129 784 2165 corruptum
801 2136 850 2156 vn
866 2136 905 2155 ex
924 2134 976 2154 1111
1003 2128 1094 2153 ratus
1224 2133 1242 2162 5
1268 2123 1376 2154 Gallis
1395 2123 1428 2152 A
1518 2124 1539 2152 6
1563 2133 1606 2152 ex

279 2171 408 2201 inuidia
422 2170 521 2200 Ponti
538 2175 571 2200 et
589 2169 752 2200 Camiliae
766 2169 819 2210 (ac
833 2169 870 2200 C.
882 2167 928 2207 P)
948 2167 1141 2198 coherentis
1157 2167 1303 2206 (cohaer.
1318 2166 1362 2206 P)
1381 2165 1470 2196 AP:
1487 2171 1605 2205 poten-

279 2214 347 2245 tiae
370 2214 456 2244 male
481 2214 614 2243 cohaer.
632 2213 764 2252 Lipsius
867 2222 941 2242 cum
969 2212 1023 2241 illa
1049 2221 1150 2250 aegre
1174 2211 1288 2251 sm'psi
1440 2218 1477 2247 14
1501 2210 1605 2239 ueluti

280 2257 313 2287 P
478 2258 517 2286 16
540 2257 782 2287 coercitionem
807 2256 860 2285 B:
884 2255 1091 2285 coertionem
1115 2253 1201 2284 AP:
1239 2254 1444 2284 coercitione
1470 2252 1607 2283 Cludius

281 2301 435 2331 exercuit
457 2299 528 2329 ΑΡ
704 2309 741 2338 17
767 2298 925 2338 exemplo
963 2298 1126 2328 inutihter
1153 2298 1240 2328 facto
1257 2297 1395 2328 salutari
1418 2295 1494 2330 ΑΡ,
1522 2296 1612 2335 quod

281 2345 383 2373 tuitus
404 2348 450 2374 est
475 2343 512 2374 G.
533 2343 580 2374 A.
598 2342 710 2374 Koch:
731 2354 786 2374 ex.
810 2342 929 2381 inutili,
956 2342 1044 2372 sacto
1068 2341 1128 2372 sal.
1149 2340 1314 2372 Gelenius:
1340 2350 1393 2370 ex.
1416 2339 1522 2369 inutili
1545 2340 1607 2370 sed

282 2387 369 2418 sacto
386 2388 444 2418 sal.
468 2387 627 2417 Vrsinus:
651 2397 703 2416 ex.
722 2386 844 2424 inutili,
863 2390 1012 2416 ceterum
1035 2385 1054 2415 f.
1078 2385 1216 2415 salutari
1232 2384 1410 2414 Heinsius:
1436 2393 1489 2414 ex.
1507 2383 1606 2412 inuti-

282 2431 367 2470 liter,
387 2431 476 2461 sacto
492 2431 685 2461 salutariter
700 2429 809 2460 Halm
940 2438 978 2468 19
1002 2438 1095 2459 raum
1112 2429 1210 2468 legere
1226 2427 1309 2457 mihi
1324 2427 1414 2457 uisus
1428 2436 1504 2456 sum
1521 2427 1554 2456 in
1572 2426 1604 2455 A

281 2484 322 2513 23
345 2475 467 2514 pernit.
485 2474 518 2503 A

927 2522 969 2556 66
