1799 2864
720 221 890 258 LIBER
920 220 963 258 II

182 340 373 381 occupata
413 331 528 369 armis
568 330 816 377 Macedonia,
857 329 990 368 omnia
1034 338 1072 368 et
1110 331 1149 368 in
1187 331 1371 370 omnibus
1410 331 1505 370 locis

183 396 260 446 igni
308 398 486 445 ferroque
530 403 689 433 uastata.
767 394 861 443 quin
909 394 1025 432 etiam
1074 402 1204 432 tantus
1251 396 1366 434 huius
1414 396 1505 434 belli

183 470 308 499 metus
342 461 422 508 fuit,
454 469 495 498 ut
522 460 700 498 stabilem
730 459 839 497 illum
869 467 907 497 et
936 460 1130 497 firmatum
1161 467 1357 498 tantorum
1388 461 1506 499 bello-

182 540 266 563 rum
298 524 533 575 experientia
563 523 739 563 Caesaris
774 523 939 573 Augusti
973 523 1148 561 animum
1180 532 1356 573 quateret
1388 533 1506 575 atque

145 606 160 634 5
183 598 346 628 terreret.

125 928 161 948 10

239 653 375 691 Habiti
404 653 533 702 itaque
565 654 750 699 delectus,
773 652 945 691 reuocati
970 652 1145 702 undique
1175 661 1213 691 et
1239 667 1377 692 omnes
1404 663 1507 694 uete-
1524 666 1577 692 111

182 718 274 765 rani,
311 718 381 756 uiri
420 718 666 767 feminaeque
709 732 755 756 ex
794 731 913 756 censu
953 718 1177 756 libertinum
1217 727 1376 757 coactae
1414 722 1506 759 dare

182 783 354 822 militem.
412 783 546 822 audita
583 783 621 820 in
657 791 793 821 senatu
828 797 905 821 uox
938 782 1134 832 principis,
1168 783 1325 822 decimo
1359 784 1433 831 die,
1468 785 1507 823 ni

182 858 392 896 caueretur,
414 863 529 899 posse
550 850 703 887 hostem
725 848 764 886 in
786 848 891 886 urbis
909 851 1061 887 Rornae
1082 849 1215 887 uenire
1237 858 1504 899 conspectum.

181 922 403 952 senatorum
434 913 689 963 equitumque
720 915 990 952 Romanorum
1021 922 1177 952 exactae
1205 916 1256 953 ad
1288 915 1327 953 id
1359 915 1505 953 bellum

181 991 344 1027 operae:
392 978 604 1028 pollicitati.
674 977 807 1016 omnia
844 979 941 1016 haec
979 979 1117 1016 frustra
1154 992 1503 1028 praeparassemus,
1526 996 1540 1017 2

182 1043 253 1081 nisi
275 1043 341 1093 qui
362 1043 426 1082 illa
446 1052 592 1093 regeret
618 1043 762 1081 fuisset.
821 1043 952 1093 itaque
983 1051 1025 1081 ut
1056 1044 1292 1093 praesidium
1324 1044 1505 1082 ultimum

182 1122 240 1147 res
261 1109 418 1158 publica
437 1110 488 1147 ab
508 1112 686 1159 Augusto
707 1110 849 1147 ducem
871 1108 909 1146 in
932 1110 1078 1147 bellurn
1095 1109 1275 1158 poposcit
1291 1109 1505 1147 Tiberium.

183 1174 319 1212 habuit
357 1174 395 1212 in
434 1176 510 1213 hoc
549 1188 706 1224 quoque
745 1175 848 1212 bello
887 1174 1134 1212 mediocritas
1173 1183 1304 1213 nostra
1341 1174 1542 1224 speciosi3

150 1252 164 1280 5
186 1238 371 1277 ministeri
392 1241 533 1277 locum.
592 1239 700 1276 finita
727 1239 895 1288 equestri
922 1239 1058 1277 militia
1082 1239 1305 1289 designatus
1327 1248 1509 1289 quaestor

184 1306 353 1342 necdum
402 1312 556 1343 senator
599 1312 787 1353 aequatus
835 1304 1089 1351 senatoribus,
1134 1304 1250 1342 etiam
1298 1304 1508 1354 designatis

184 1369 347 1407 tribunis
368 1370 507 1419 plebei,
530 1378 678 1419 partem
700 1369 889 1407 exercitus
915 1370 966 1407 ab
994 1370 1088 1407 urbe
1109 1370 1237 1408 traditi
1257 1371 1308 1407 ab
1329 1372 1508 1419 Augusto

184 1435 344 1484 perduxi
391 1437 441 1473 ad
490 1435 612 1472 filiurn
660 1434 752 1472 eius.
822 1434 861 1472 in
907 1443 1113 1484 quaestura
1157 1434 1301 1473 deinde
1348 1434 1546 1477 remissa4

184 1508 285 1538 sorte
315 1500 540 1549 prouinciae
569 1501 716 1549 legatus
743 1499 919 1538 eiusdem
953 1502 1003 1538 ad
1033 1501 1203 1538 eundern
1234 1500 1374 1537 missus
1409 1514 1506 1537 sum.

127 1580 140 1599 2
184 1579 279 1614 quas
305 1579 376 1603 nos
406 1565 531 1615 primo
560 1579 665 1603 anno
694 1565 797 1603 acies
824 1565 995 1603 hostiurn
1024 1565 1218 1603 uidimus!
1249 1565 1403 1614 quantis
1424 1578 1509 1614 pru-

183 1629 315 1667 dentia
335 1629 446 1667 ducis
473 1629 801 1678 oportunitatibus
828 1628 988 1667 furentis
1015 1642 1150 1667 eorum
1180 1629 1280 1667 uires
1308 1629 1509 1668 uniuersas

228 1743 246 1762 2
264 1734 344 1772 quin
361 1733 584 1763 Vascosanus:
609 1733 685 1771 quia
697 1732 767 1762 ΑΡ
830 1733 929 1763 etiam
942 1732 1097 1762 tantusA
1116 1744 1123 1762 τ
1140 1736 1160 1762 t.
1176 1733 1275 1762 etiarn
1290 1732 1322 1761 P
1395 1733 1415 1762 il
1434 1733 1506 1773 dcl„

184 1775 254 1806 dein
268 1777 365 1806 huius
379 1777 411 1805 A
419 1800 425 1814 ,
439 1780 576 1815 coeperat
590 1777 716 1805 scribere
732 1776 820 1806 illius
909 1787 928 1814 3
953 1777 1117 1805 firmatum
1134 1775 1243 1805 Burer
1256 1787 1294 1805 ex
1314 1777 1489 1806 coniectura
1502 1788 1508 1808 :

184 1820 359 1849 formatum
376 1819 441 1848 ΒΑ
459 1831 465 1850 z
490 1819 692 1849 fortunatum
709 1818 742 1848 P
856 1829 875 1858 5
899 1819 980 1849 Post
995 1824 1138 1849 terreret
1155 1819 1269 1848 Haase
1283 1820 1511 1859 transponebat

188 1873 256 1892 111.
280 1873 293 1892 1
314 1863 426 1892 audita
447 1863 479 1892 in
503 1868 621 1893 senatu
639 1886 646 1893 .
669 1888 674 1893 .
694 1886 701 1893 .
722 1863 892 1901 pollicitati
1025 1864 1045 1892 6
1069 1863 1211 1892 dilectus
1228 1862 1260 1891 A
1278 1874 1285 1893 z
1314 1863 1463 1893 delectus
1480 1863 1513 1892 P

186 1911 363 1936 reuocatus
380 1905 469 1936 AP:
493 1907 641 1936 reuocati
662 1905 808 1935 Gelenius
939 1907 958 1936 8
983 1906 1121 1935 militem
1138 1905 1322 1935 Rhenanus
1337 1919 1343 1936 :
1367 1907 1507 1936 militum

185 1949 254 1978 ΑΡ
386 1959 419 1978 11
448 1960 580 1987 operae,
609 1949 780 1987 pollicitati
810 1949 919 1979 omnia
944 1950 1027 1979 haec
1051 1949 1109 1979 A:
1148 1959 1284 1988 operae.
1321 1950 1508 1980 Pollicitati.

186 1992 308 2022 Omnia
333 1994 363 2023 h.
391 1992 428 2027 P,
454 1997 578 2022 secutus
600 2004 676 2022 sum
700 1992 930 2022 distinctionem
954 1992 1142 2031 Hottz'ngeri
1295 2003 1333 2022 12
1358 1993 1508 2022 ultimum

186 2035 337 2075 Lipsius:
362 2036 501 2065 rnilitum
517 2035 593 2075 ΑΡ,
614 2035 702 2075 quod
720 2036 862 2065 Thomas
885 2046 958 2065 cum
981 2036 1156 2075 postposito
1179 2036 1296 2066 ducem
1324 2037 1509 2075 coniungit:

186 2079 318 2108 unicum
345 2079 462 2109 Gruter
593 2089 630 2117 15
655 2079 795 2109 ministri
819 2078 909 2110 AP:
947 2079 1122 2109 ministerii
1147 2078 1289 2118 Ltpsins,
1307 2079 1397 2118 quod
1414 2079 1510 2109 Kritz

185 2126 343 2152 tuam-cx
358 2122 430 2152 Lm.
449 2122 489 2152 iv.
509 2123 529 2152 8
546 2123 687 2161 speciosi
707 2122 882 2152 ministerii
908 2122 1190 2161 procurationem,
1223 2122 1289 2153 Val.
1319 2122 1412 2153 Max.
1441 2123 1508 2152 viii.

189 2176 235 2204 13.
260 2175 273 2195 1
300 2166 557 2204 speciosissimis
582 2167 663 2205 reip.
690 2165 883 2196 ministeriis
1089 2176 1138 2204 eq.
1171 2166 1274 2195 uestri
1300 2166 1332 2194 A
1472 2168 1510 2195 16

186 2215 218 2239 et
237 2209 298 2238 iam
320 2208 465 2238 Gelenius
583 2210 777 2247 designatus
794 2210 948 2239 tribunus
965 2208 1148 2239 Rhenanus
1163 2213 1191 2238 et
1206 2208 1335 2248 Popma
1472 2210 1510 2239 18

186 2253 344 2291 perduxit
361 2252 448 2282 AP:
484 2253 626 2291 perduxi
649 2252 832 2282 Rhenanus
988 2262 1027 2291 19
1050 2253 1238 2291 prouintiae
1256 2252 1288 2281 A
1388 2252 1510 2282 missus

185 2306 258 2326 sum
282 2295 412 2325 Halm:
458 2295 663 2325 missumA:
704 2296 824 2326 missus
841 2295 874 2325 P
1002 2306 1039 2325 21
1068 2296 1159 2326 ducis
1190 2296 1239 2325 usi
1271 2306 1301 2326 ο.
1329 2295 1508 2327 Heinsius:

185 2350 264 2378 opp.
289 2339 346 2369 A:
379 2338 435 2368 sca'
455 2349 508 2378 op.
540 2349 609 2377 115.
642 2349 669 2377 5,
705 2349 776 2369 120.
803 2351 822 2378 4
991 2339 1135 2369 furentis
1159 2339 1212 2369 A:
1248 2339 1411 2369 furenteis
1434 2338 1509 2376 PB,

760 2391 766 2407 1

175 2416 289 2455 fuerat
301 2416 444 2455 sonasse
460 2416 492 2445 in
509 2413 618 2447 Murb.
636 2415 786 2446 furentes
875 2426 989 2446 eorum
1006 2415 1094 2447 AB:
1132 2416 1163 2445 in
1187 2425 1262 2445 eum
1279 2414 1312 2444 P

810 2537 864 2559 121
