1799 2864
476 216 536 253 IN
566 215 858 252 VELLEIVM
889 215 1269 253 PATERCVLVM

215 336 411 371 terminant
445 335 583 370 initium
619 335 753 370 †cuius
789 334 912 369 finium
941 336 1038 369 haud
1068 336 1181 370 multo
1209 336 1290 381 plus
1320 348 1361 370 cc
1391 336 1536 371 milibus

214 406 364 439 passum
382 394 536 428 abesset.
555 394 603 428 A.

261 452 336 486 eius
355 453 399 486 Ρ.

263 501 394 543 Inepta
427 498 622 532 uerborum
656 497 840 532 aceruatio
873 499 1009 542 qm’ppe
1037 510 1118 532 cum
1138 525 1144 532 .
1165 525 1172 532 .
1193 526 1200 533 .
1219 501 1324 533 {ttius
1351 494 1402 534 sic
1429 499 1534 534 uitari

213 556 356 601 poterit,
379 557 513 600 quippe
539 567 620 589 cum
639 582 646 589 .
666 583 673 590 .
694 583 701 590 .
720 557 870 589 initium
899 556 1005 589 huius
1018 556 1161 601 finium
1179 582 1186 590 .
1206 582 1213 589 .
1233 583 1240 590 .
1260 558 1414 598 abesset;
1449 569 1535 591 nam

213 615 326 655 cuius,
352 613 466 647 huius
491 624 566 646 non
591 625 674 647 raro
701 620 953 657 permutantur
979 612 1013 646 in
1041 613 1239 651 codicibus,
1259 621 1297 648 ut
1325 615 1359 648 in
1386 615 1536 649 Somnio

212 669 392 714 Scipionis
413 670 473 712 (de
494 672 584 715 Rep.
606 670 649 704 vi.
676 681 728 704 22.
748 670 808 713 24)
827 671 888 705 ubi
913 673 1018 704 cuius
1040 677 1095 705 est
1118 671 1156 704 in
1174 673 1211 706 E
1231 673 1482 714 (Monacensi)
1500 682 1535 706 et

211 728 310 772 apud
330 728 506 771 Macrob„
525 728 638 762 huius
656 728 691 762 in
706 728 854 773 reliquis
873 735 1046 772 quattuor
1065 728 1214 762 Halmii.

258 796 319 820 110
342 794 355 819 1
386 785 537 830 Rumpit
556 785 622 820 iter
640 786 726 819 dum
747 785 945 830 <interdum
963 785 1012 828 P)
1030 794 1195 820 moratur
1213 786 1399 831 proposita
1418 787 1535 820 homi-

209 854 297 876 num
313 843 468 877 fortuna.
487 844 537 877 A.

259 900 340 935 Etsi
366 901 455 935 satis
489 901 645 946 praesidi
676 901 788 936 habet
822 903 975 946 rumpit,
1003 902 1189 935 interdum
1215 907 1388 936 moralur
1417 902 1450 936 in
1484 902 1535 936 eis

211 970 304 1004 quae
331 958 487 993 Kritzius
514 959 631 994 attulit
654 971 698 993 ex
722 961 818 994 Suet.
838 961 932 1003 Aug.
962 968 1015 1002 77,
1046 961 1132 994 Tac.
1154 960 1251 994 Hist.
1271 959 1316 994 iii.
1335 962 1390 1003 83,
1418 972 1535 1004 neque

211 1027 303 1060 opus
324 1022 379 1051 est
402 1022 464 1050 aut
492 1015 696 1051 Heinsiano
722 1019 866 1061 rumpit
890 1017 1087 1059 interdum,
1113 1018 1301 1051 inserdzmz
1327 1022 1498 1051 moratur
1512 1016 1534 1060 1,

211 1081 273 1107 aut
291 1074 511 1107 Novakiano
524 1086 553 1107 r.
568 1076 591 1108 i.
610 1073 840 1118 [aliquando]
861 1078 1033 1107 moratur
1047 1086 1054 1117 ;
1082 1074 1205 1108 nescio
1219 1076 1402 1119 quomodo
1417 1075 1536 1120 placet

210 1131 420 1165 emendatio
438 1131 610 1165 nostratis
629 1131 865 1165 XVarburtoni
894 1136 1096 1174 maturata,
1116 1131 1304 1166 ‘innuerat
1330 1132 1427 1167 enim
1449 1133 1534 1167 His-

209 1187 345 1221 toricus
381 1188 448 1230 (sic
474 1188 759 1231 Warburtonus)
797 1188 920 1222 uerbis
942 1191 1245 1233 praeparauerat
1277 1191 1352 1223 iam
1381 1190 1535 1225 hiberna

212 1246 349 1279 Caesar
373 1246 426 1279 ml
456 1246 675 1280 Danubium
702 1246 767 1280 &o
795 1245 947 1280 consilia
975 1246 1142 1281 Caesaris
1169 1246 1204 1280 in
1232 1249 1435 1282 Germanos
1462 1248 1534 1282 iam

208 1305 416 1339 maturari.'

257 1374 318 1398 110
337 1373 357 1406 3
384 1370 462 1397 tum
486 1363 694 1397 necessaria
717 1363 887 1407 gloriosis
912 1363 1122 1408 praeposita
1142 1376 1260 1409 neque
1279 1371 1394 1399 tutum
1416 1366 1535 1400 uisum

209 1421 335 1455 abdito
354 1421 386 1454 in
407 1420 578 1455 interiora
596 1420 754 1455 exercitu
773 1433 928 1455 uacuam
946 1428 1022 1455 tam
1041 1421 1158 1456 uicino
1173 1423 1269 1457 hosti
1294 1423 1448 1458 Italiam.
1467 1425 1518 1458 A.

257 1490 410 1512 uacuam
430 1488 506 1512 tam
524 1481 636 1512 eliam
654 1480 698 1512 Ρ.
795 1479 998 1524 relinquere
1020 1479 1163 1514 Italiam
1181 1482 1225 1515 Ρ.
1464 1483 1467 1484 ’

259 1537 344 1569 Duo
372 1543 455 1570 sunt
481 1548 575 1581 quae
600 1536 660 1570 hic
686 1536 934 1581 suspicionem
958 1545 1143 1579 moueant,
1171 1550 1328 1573 uacuam
1355 1544 1442 1581 lam,
1470 1551 1535 1584 pro

209 1605 282 1638 quo
307 1599 504 1627 uacuamm
528 1594 748 1638 scripserim,
777 1594 868 1628 sicut
896 1599 1055 1628 uacuam
1081 1596 1217 1630 factum
1244 1604 1300 1631 est
1327 1602 1437 1631 uacat
1453 1602 1535 1631 acta

211 1651 245 1685 in
263 1651 408 1685 Aetnae
433 1652 559 1685 codice
588 1651 881 1695 Cantabrigiensi
910 1652 1020 1696 (107),
1039 1653 1209 1698 deceptus
1237 1656 1396 1689 solutum
1417 1662 1472 1690 est
1499 1656 1534 1689 in

209 1710 298 1742 deus
309 1712 418 1754 aplus
434 1710 629 1743 Metamm.
642 1708 709 1743 xiv.
727 1710 791 1752 765
807 1709 841 1743 in
857 1709 1065 1745 Marciano:
1087 1711 1221 1746 deinde
1235 1712 1326 1746 ordo
1341 1714 1535 1747 uerborum

210 1779 282 1812 quo
310 1767 344 1801 in
365 1768 434 1801 fine
454 1767 655 1802 sententiae
674 1768 834 1812 positum
859 1774 912 1802 est
939 1767 973 1802 in
992 1769 1026 1801 Ρ
1044 1769 1252 1814 relinquere
1270 1772 1436 1806 ltaliam.
1486 1773 1534 1805 Et

211 1825 269 1860 hic
303 1825 449 1870 quidem
483 1825 719 1859 Amerbachii
754 1826 994 1870 apographon
1030 1826 1167 1862 indicat
1203 1829 1355 1863 subesse
1396 1829 1534 1874 aliquid

212 1883 347 1925 mendi,
373 1884 477 1917 abest
501 1883 600 1917 enim
626 1883 673 1917 ab
700 1895 744 1917 eo
779 1883 997 1927 relinquere.
1060 1886 1214 1930 Repono
1249 1886 1357 1930 igitur
1381 1887 1535 1921 ltaliam

211 1942 428 1985 relinquere.

259 2011 320 2034 110
341 2009 362 2041 4
388 1998 716 2043 proximapduobus
742 1998 944 2034 Batonibus
969 2011 1013 2034 ac
1041 2000 1184 2036 Pinneti
1204 2002 1357 2036 ducibus
1379 2003 1537 2037 auctori-

211 2064 266 2091 tas
285 2064 374 2091 erat.
401 2057 484 2090 ΑΡ.

260 2115 440 2148 Ρνοχίυια
456 2126 537 2148 curn
549 2114 607 2148 uix
619 2114 733 2159 possit
747 2115 794 2148 ad
809 2116 1031 2150 Marobodui
1047 2117 1269 2162 superiorem
1282 2119 1535 2153 auctoritatem

212 2173 346 2214 referri,
366 2172 427 2217 qui
454 2183 633 2216 nusquam
660 2171 720 2206 hic
746 2181 980 2216 memoretur,
1002 2182 1064 2208 aut
1084 2175 1256 2218 plurima
1281 2182 1343 2210 aut
1369 2179 1537 2210 maxsma

213 2230 507 2265 substituendum
519 2229 596 2263 erit.
624 2231 705 2263 Nec
718 2241 804 2264 sane
817 2231 941 2265 nescio
945 2234 1155 2276 proximus,
1165 2235 1353 2267 nmm'nms
1366 2245 1439 2268 non
1454 2246 1536 2268 raro

256 2365 266 2382 ¹
292 2365 529 2395 Emendationi
554 2365 760 2396 Heinsianae
784 2366 986 2397 simillimum
1011 2373 1064 2398 est
1090 2369 1171 2398 illud
1200 2370 1232 2398 in
1253 2369 1394 2399 Octauio
1413 2369 1538 2400 Minuci

213 2427 232 2456 5
251 2417 428 2456 repudmrt's
451 2417 590 2447 alterum
624 2417 800 2458 [alterum]
832 2419 1052 2458 comprobaris
1075 2421 1122 2450 uti
1155 2421 1258 2451 edidit
1284 2421 1440 2451 Halmius
1471 2433 1546 2452 cum

214 2469 322 2499 codex
339 2469 444 2498 semel
462 2473 594 2498 tantum
611 2470 755 2499 alterum
772 2475 931 2509 praestet.

850 2541 908 2574 17,-
1334 2530 1381 2564 12
