1799 2864
736 218 1166 258 PROLEGOMENA

287 326 430 376 prodiit
479 327 661 366 Rhenani
709 328 846 379 editio)
862 344 872 377 ,-
927 329 1074 369 idcirco
1126 331 1378 369 statuendum
1425 330 1496 369 erit
1546 339 1613 370 aut

286 398 549 436 Amerbachio
594 400 831 437 Rhenanum
887 413 1029 438 munus
1073 400 1306 450 imposuisse
1364 401 1613 440 describendi

285 467 443 515 codicis,
479 476 545 507 aut
580 470 776 508 Rhenano
810 470 1128 517 Amerbachium,
1170 484 1249 509 non
1282 471 1354 509 sibi
1393 471 1534 521 potius,
1570 471 1611 510 id

283 539 537 588 apographon
572 552 651 588 quo
688 540 819 577 adhuc
857 539 1011 587 utimur,
1045 540 1269 579 confecisse.
1330 541 1437 590 Quid
1477 541 1612 580 enim?

283 606 359 645 iam
389 621 494 646 anno
520 620 616 659 1515
643 609 806 647 inuento
831 610 1054 648 Murbachii
1084 610 1232 658 codice,
1258 624 1391 650 nonne
1420 612 1610 650 continuo

286 678 512 726 Rhenanus,
536 693 664 729 neque
695 687 783 729 post
804 681 1025 729 complures
1045 682 1206 719 demum
1228 695 1393 729 menses,
1409 681 1448 720 id
1470 682 1610 720 descri-

283 748 458 787 bendum
489 750 540 788 ab
570 750 699 788 amico
726 759 927 789 curaturus
957 753 1066 789 erat?
1113 751 1213 800 Quis
1244 759 1376 790 autem
1415 754 1608 802 spondeat

284 819 478 857 Rhenano
512 833 558 857 ex
595 819 731 858 amicis
760 821 1053 859 adulescentem
1087 821 1335 871 potissimum
1364 822 1557 872 placuisse
1586 837 1609 861 a

280 901 359 937 quo
380 888 420 927 id
441 903 584 928 munus
604 892 781 939 peteret?

333 960 411 997 Sed
431 967 515 997 esto
535 975 541 997 :
572 961 674 1010 finge
694 961 1015 1008 Amerbachium,
1038 969 1080 999 ut
1108 969 1201 1011 pote
1231 961 1448 1000 doctiorem
1470 962 1606 1001 ceteris

279 1041 368 1066 cum
386 1029 425 1067 id
446 1029 481 1067 ei
502 1043 645 1068 munus
666 1031 836 1080 legatum
850 1039 952 1069 esset
967 1032 1017 1069 ab
1033 1031 1172 1078 amico,
1188 1032 1354 1070 libenter
1374 1033 1604 1082 suscepisse,

278 1099 443 1148 negotiis
460 1108 591 1138 tamen
612 1102 675 1139 uel
696 1101 834 1139 studiis
855 1101 1102 1151 impeditum,
1121 1116 1201 1140 non
1222 1102 1352 1141 statim
1372 1111 1461 1152 post
1482 1117 1607 1153 reper-

278 1177 361 1207 tum
383 1170 572 1217 codicem,
596 1172 665 1209 sed
687 1185 752 1209 sex
773 1171 944 1221 denique
964 1173 1027 1210 uel
1048 1180 1198 1222 septem
1219 1173 1362 1211 exactis
1390 1173 1603 1221 mensibus,

276 1239 359 1278 siue
391 1240 519 1290 ipsum
556 1242 861 1279 Murbacensem
891 1242 973 1280 siue
1003 1244 1199 1292 exemplar
1228 1243 1310 1281 eius
1340 1244 1602 1293 descripsisse.

278 1310 407 1348 Etiam
455 1312 695 1349 concedatur
741 1325 813 1350 nos
852 1312 972 1350 hodie
1013 1312 1052 1350 in
1098 1313 1279 1351 manibus
1317 1314 1462 1352 habere
1506 1314 1603 1352 illud

275 1380 404 1430 ipsum
434 1383 689 1431 apographon
728 1383 837 1432 quod
867 1383 1051 1421 Rhenani
1088 1383 1195 1421 iussu
1231 1385 1467 1432 confectum,
1501 1386 1604 1423 Rhe-

275 1465 400 1490 nanus
449 1451 642 1502 iniquiore
691 1452 838 1491 iudicio
887 1454 1141 1492 damnauerit.
1231 1454 1438 1493 Idcircone
1488 1455 1602 1494 nobis

274 1521 420 1561 iudicio
441 1522 523 1561 eius
550 1522 879 1562 subscribendum
907 1523 1008 1562 erit?
1064 1526 1128 1562 An
1158 1538 1238 1562 non
1266 1524 1367 1563 illius
1387 1525 1601 1575 apographi

273 1605 318 1631 ea
338 1601 395 1631 est
416 1593 565 1643 species
587 1594 639 1632 ob
660 1608 779 1644 quam
801 1596 1017 1633 Rhenanus
1039 1595 1177 1634 merito
1198 1595 1452 1634 oblocuturus
1472 1596 1601 1635 amico

272 1663 414 1701 fuerit?
462 1665 578 1711 Nam,
609 1671 651 1702 ut
681 1664 770 1711 dixi,
802 1664 834 1702 si
867 1665 954 1714 quis
989 1665 1029 1703 id
1066 1665 1235 1715 primum
1275 1665 1494 1715 inspexerit,
1526 1666 1601 1705 dis-

271 1733 481 1772 tinctiones
519 1733 721 1772 mirabitur
759 1735 1099 1785 neglegentissime
1140 1735 1298 1785 positas,
1339 1736 1460 1774 uerba
1498 1738 1599 1775 male

271 1803 407 1851 diuisa,
430 1804 734 1843 inconstantiam
765 1805 927 1843 nomina
955 1807 1131 1844 locorum
1161 1805 1448 1856 hominumque
1477 1807 1598 1845 modo

272 1874 421 1923 magnis
453 1876 574 1913 modo
603 1875 733 1924 paruis
762 1875 897 1914 litteris
921 1876 1129 1923 scribendi,
1152 1878 1274 1914 multa
1294 1876 1441 1914 incerta
1466 1876 1599 1915 relicta

270 1957 443 1993 quonam
472 1946 592 1983 modo
617 1953 720 1983 recte
744 1946 973 1995 legerentur,
1002 1947 1125 1984 multa
1151 1947 1280 1984 deleta
1306 1954 1344 1985 et
1363 1947 1403 1984 in
1424 1947 1598 1997 margine

269 2022 358 2063 post
378 2023 561 2061 correcta,
591 2015 762 2065 denique
792 2015 1038 2066 chirographi
1067 2030 1190 2066 genus
1214 2018 1390 2055 deforme
1410 2031 1484 2055 nec
1504 2031 1595 2056 cum

268 2085 472 2124 codicibus
493 2099 566 2124 nec
593 2099 683 2124 cum
707 2086 813 2124 libris
842 2086 1050 2136 impressis,
1073 2088 1208 2141 quales
1229 2101 1276 2126 eo
1297 2089 1454 2126 saeculo
1474 2096 1594 2135 erant,

267 2157 588 2205 comparandum.
658 2158 711 2194 At
752 2156 858 2195 idem
901 2158 1167 2207 apographon,
1212 2157 1243 2195 si
1282 2158 1467 2196 attentius
1506 2171 1597 2197 con-

267 2225 465 2273 sideretur,
489 2240 569 2265 non
590 2226 779 2264 incuriam
807 2227 1075 2274 describentis,
1105 2228 1174 2266 sed
1199 2227 1440 2277 diligentiam
1461 2228 1594 2267 omnia

266 2296 483 2344 scrutantis,
512 2296 608 2334 nihil
640 2297 690 2334 de
723 2310 795 2335 suo
825 2296 1106 2346 interpolantis,
1135 2297 1219 2347 ipsa
1248 2297 1342 2336 uitia
1371 2298 1453 2336 eius
1484 2299 1592 2348 quod

265 2367 505 2416 exprimebat
521 2367 856 2417 repraesentantis,
873 2367 1122 2405 testificatum
1143 2367 1373 2406 inuenietur.
1416 2370 1509 2407 Hoc
1525 2369 1592 2418 qui

264 2445 442 2486 praestet,
461 2438 544 2487 ipse
566 2438 783 2476 Rhenanus
804 2437 896 2476 erit:
918 2451 1009 2476 nam
1031 2451 1076 2476 ex
1092 2438 1174 2476 eius
1195 2438 1368 2477 editione
1389 2451 1478 2476 cum
1499 2452 1590 2489 apo-

902 2509 957 2539 xvi
