1799 2864
584 214 1040 253 COMMENTARIVS
1072 215 1332 255 CRITICVS

1521 335 1584 352 elus

293 356 466 399 (testante
494 359 622 400 Burer)
651 358 686 392 in
715 359 961 402 Murbacensi,
980 367 1017 394 at
1041 359 1078 393 in
1100 361 1134 394 P
1157 361 1237 393 eius
1260 361 1404 403 aetatis,
1420 359 1456 393 in
1473 360 1509 394 A

290 416 400 448 etatis
425 415 508 459 legi,
534 427 632 450 nunc
659 417 825 461 suspicor
851 418 1072 451 Rhenanum
1102 424 1138 452 et
1167 418 1457 452 Amerbachium
1487 418 1618 452 uitiose

290 473 551 517 interpretatos
577 474 647 508 hoc
662 475 761 520 quod
786 486 868 509 cum
890 475 989 519 prius
1007 475 1132 509 fuisset
1149 476 1258 509 elatis
1275 487 1457 520 suprascr.
1475 477 1618 516 enectis,

291 537 421 575 postea
436 531 471 564 in
486 531 522 565 id
537 539 748 576 corruptum
765 533 880 567 fuerat
895 533 992 577 quod
1004 544 1078 566 non
1091 545 1162 567 uno
1178 534 1288 567 modo
1303 540 1429 578 posset
1444 533 1618 577 intellegi.

290 589 367 623 Sed
385 596 583 634 utcumque
600 602 657 624 res
676 591 905 635 expedienda
922 591 1002 632 erit,
1020 590 1222 624 ablatiuum
1239 591 1391 634 retineo,
1411 591 1488 625 siue
1511 592 1619 625 elatis

290 646 368 681 siue
386 648 529 690 eueclz's,
549 659 631 681 cuin
650 649 852 692 tragoediis
870 648 1181 691 coniungendum.

339 715 364 748 9
383 705 404 739 6
432 705 676 749 Pomponium
696 706 864 739 sensibus
884 706 1067 739 celebrem
1084 707 1170 740 ΑΡ.

339 762 474 796 Melius
495 763 670 796 antithesi
698 763 923 797 consulueris
947 774 1042 808 quae
1069 763 1161 797 inest
1188 763 1257 798 illis
1285 765 1405 798 uerbis
1427 765 1567 807 rudem,
1588 765 1617 799 si

289 831 372 854 cum
390 821 640 854 Warburtono
659 820 845 864 scripseris
869 821 1026 862 celerem,
1046 821 1087 854 cf.
1112 822 1184 855 118.
1204 831 1223 855 2
1242 821 1492 868 manufortis,
1511 834 1619 856 sensu

287 879 390 921 celer,
411 887 467 920 73.
483 888 495 911 1
518 889 634 911 manu
650 881 855 922 promptus,
870 880 1090 923 cogitatione
1106 880 1206 913 celer.
1241 880 1374 913 Verbis
1395 880 1619 924 Pomponius

288 947 375 970 usus
394 943 448 969 est
466 936 619 969 rudibus
644 936 926 982 inconditisque,
946 943 996 979 at,
1015 937 1113 981 quod
1132 948 1305 981 magnam
1324 945 1466 982 partem
1484 938 1621 982 leporis

287 994 411 1034 habet,
439 994 608 1028 sensibus
642 995 720 1028 siue
748 995 940 1029 sententiis
970 996 1067 1029 celer
1099 1002 1134 1029 et
1164 995 1280 1029 facilis
1311 1003 1409 1030 erat:
1451 997 1521 1030 hoc
1551 1003 1619 1039 est,

288 1051 448 1084 eundem
469 1062 618 1085 sensum
644 1063 717 1085 non
745 1052 854 1086 nimis
881 1053 1083 1097 premebat,
1110 1053 1175 1086 sed
1199 1054 1245 1087 ab
1264 1053 1378 1087 altero
1397 1053 1444 1087 ad
1463 1055 1618 1088 alterum

287 1109 498 1151 festinabat,
518 1116 555 1143 ut
574 1121 672 1143 noua
690 1121 836 1154 semper
854 1111 1011 1144 obferret
1030 1110 1278 1145 audientibus.

334 1177 378 1201 10
402 1176 415 1200 1
445 1168 539 1201 adeo
565 1174 697 1201 natura
718 1169 874 1211 (mature
892 1169 940 1212 P)
961 1180 982 1202 a
1005 1168 1114 1202 rectis
1139 1168 1174 1202 in
1198 1168 1287 1202 uitia
1304 1180 1327 1202 a
1346 1168 1426 1212 (om.
1448 1170 1500 1213 A)
1521 1169 1619 1204 uitiis

288 1224 325 1258 in
343 1236 458 1269 praua
476 1237 498 1258 a
516 1225 641 1269 prauis
660 1226 695 1259 in
714 1225 929 1270 praecipitia
948 1226 1159 1270 peruenitur
1176 1226 1261 1259 AF.

337 1283 555 1316 Seruandus
576 1282 636 1317 hic
660 1290 737 1317 erat
762 1284 850 1317 ordo
878 1284 1059 1325 codicum,
1078 1295 1124 1318 ne
1148 1295 1299 1328 pessum
1318 1283 1384 1318 iret
1406 1285 1620 1319 assonantia

286 1339 348 1374 ilia
359 1343 500 1384 praua,
511 1342 663 1385 prauis,
674 1343 912 1386 praecipitia.
964 1343 1023 1375 De
1047 1353 1118 1386 qua
1140 1353 1177 1375 re
1204 1350 1286 1386 post
1305 1342 1555 1376 XVoelfflinum
1582 1350 1617 1377 et

287 1398 497 1432 Ebrardum
527 1399 642 1433 fusius
673 1399 844 1434 disseruit
873 1400 1015 1433 Milkau
1049 1400 1093 1433 de
1129 1400 1241 1433 Vellei
1271 1400 1465 1434 Paterculi
1483 1412 1619 1446 genere

285 1455 433 1489 dicendi
449 1468 508 1500 pp.
532 1465 642 1501 15—25
665 1457 892 1501 (Regimonti
916 1458 1030 1499 1888).

333 1524 367 1547 11
389 1524 401 1548 1
436 1515 474 1548 C.
496 1515 637 1549 Marius
657 1543 664 1550 .
686 1543 693 1550 .
712 1542 718 1549 .
739 1522 847 1549 natus
866 1516 1025 1560 equestri
1045 1516 1125 1550 loco
1143 1516 1228 1550 AF.

333 1572 516 1616 quleslrz'
532 1573 629 1607 Voss
656 1573 691 1606 in
710 1575 852 1618 agresti
875 1573 1077 1617 refingebat
1103 1586 1146 1608 ex
1172 1574 1265 1608 Plut.
1287 1575 1380 1608 Mar.
1400 1584 1419 1618 3
1437 1576 1617 1619 γενόμενον

284 1631 410 1674 γονέων
427 1632 643 1664 παντάπασιν
668 1631 809 1673 ἀδόξων,
829 1631 1024 1676 αὐτουργῶν
1042 1632 1078 1665 δὲ
1104 1633 1156 1665 καὶ
1183 1630 1344 1674 πενήτων.
1397 1634 1522 1667 quen.
1542 1633 1618 1668 viii.

287 1696 351 1731 245
382 1689 590 1722 Volscorum
609 1690 648 1722 7⁶72
676 1693 797 1723 monle
822 1689 957 1722 solebat
974 1690 1124 1723 Poscere
1150 1689 1326 1723 711ercedes
1351 1691 1472 1724 alieno
1497 1691 1618 1726 lassus

285 1750 426 1779 aratro.
477 1747 568 1780 Plin.
590 1748 638 1780 H.
659 1748 706 1781 N.
724 1747 843 1781 xxxiii.
867 1757 931 1792 150
949 1752 1077 1781 oralor
1091 1748 1273 1791 A7752'mzs3
1295 1748 1369 1782 Cic.
1391 1749 1499 1782 Tusc.
1519 1749 1553 1783 ii.
1574 1759 1616 1783 22

284 1806 501 1838 rusticanus
530 1807 604 1838 uir.
658 1805 730 1839 Sed
765 1817 839 1839 non
874 1805 1011 1840 idcirco
1046 1805 1178 1849 agresti
1213 1806 1295 1839 loco
1330 1806 1506 1841 dicendus
1541 1815 1617 1842 erat

285 1861 406 1896 editus
424 1862 557 1897 fuisse:
587 1862 675 1907 quid
702 1862 828 1897 enim?
860 1875 933 1898 non
959 1863 1101 1908 patricii
1129 1874 1274 1908 quoque
1297 1865 1503 1908 agrestibus
1527 1865 1617 1900 locis

284 1920 510 1954 nascuntur?

336 1979 420 2012 Hoc
438 1978 557 2022 potius
574 1978 757 2012 Velleium
782 1979 1010 2023 significasse
1037 1979 1168 2013 credo:
1208 1979 1369 2013 Marium
1396 1982 1558 2024 equestri
1583 1986 1619 2015 el

279 2037 516 2080 prouinciali
531 2037 606 2070 loco
620 2041 742 2071 orsum
760 2038 888 2077 (uerba
902 2044 987 2071 sunt
1006 2038 1093 2073 Tac.
1113 2039 1209 2071 Ann.
1224 2036 1294 2071 xiV.
1313 2046 1353 2081 53
1373 2037 1419 2071 de
1439 2038 1615 2081 Seneca):

281 2093 441 2138 equitem
481 2094 630 2139 quidem
665 2095 788 2137 fuisse,
824 2096 889 2129 sed
920 2095 1191 2139 municipalem,
1226 2095 1344 2140 qualis
1378 2095 1445 2129 fuit
1477 2097 1616 2132 Cicero.

287 2153 414 2186 quen.
433 2152 506 2186 viii.
527 2154 593 2196 238
616 2153 869 2197 Mum-'clymis
885 2165 1012 2197 eques:
1044 2153 1119 2188 Cic.
1139 2153 1185 2187 de
1208 2154 1299 2197 Rep.
1319 2153 1340 2187 i.
1358 2154 1390 2187 6.
1414 2163 1456 2187 10
1480 2154 1622 2188 Consul

283 2214 407 2243 autem
425 2222 498 2244 esse
514 2212 583 2255 qui
590 2212 711 2255 posui,
727 2213 804 2244 m‘sz'
819 2223 901 2244 eum
917 2213 1018 2244 m'lae
1030 2222 1179 2245 cursum
1194 2212 1389 2244 tenuissem
1404 2223 1426 2244 a
1433 2214 1616 2256 puerilia,

281 2271 352 2312 per
374 2279 481 2312 quem
507 2270 671 2312 eqneslri
694 2269 770 2303 loco
797 2273 909 2302 nasus
926 2270 1164 2313 peruenirent
1191 2270 1244 2302 ad
1264 2269 1437 2302 honorem
1463 2270 1616 2314 amplis-

284 2327 421 2360 simum
435 2327 454 2360 .?

334 2385 396 2419 Sic
414 2384 526 2418 etiam
551 2384 638 2419 alibi
665 2385 808 2418 locutus
827 2392 881 2419 est
899 2386 943 2419 V.
963 2385 1010 2419 de
1029 2384 1210 2429 equitibus
1229 2384 1333 2430 quasi
1351 2384 1542 2418 fastidiens
1561 2385 1616 2427 76.

283 2452 305 2484 4
323 2443 392 2486 qui
406 2447 519 2476 melus
536 2443 804 2477 obscurissimis
820 2444 944 2477 z'niliss
954 2446 1097 2488 parum
1115 2443 1267 2477 habebat
1282 2452 1429 2476 summa
1441 2444 1616 2488 accepisse

923 2534 983 2565 150

1790 334 1799 711 -r.ur.²-..———-.—n—n.“
