1799 2864
703 202 907 239 VELLEI
938 202 1255 241 PATERCVLI

307 311 485 352 diceres:
526 313 576 350 de
611 311 720 350 cuius
753 311 824 350 uiri
856 313 958 350 claro
990 311 1146 362 ingenio
1178 312 1400 362 celebrique
1431 312 1636 351 consulatu

275 389 292 419 3
311 375 586 425 praediximus.
644 375 737 414 anni
766 376 848 414 eius
877 375 1025 414 aestiua
1051 389 1174 425 usque
1204 377 1243 414 in
1271 390 1446 415 mensem
1473 380 1637 416 Decem-

310 440 423 478 brem
468 442 655 490 perducta
692 441 859 479 inmanis
906 442 1217 479 emolumentum
1264 443 1389 480 fecere
1437 442 1632 480 uictoriae.

313 504 436 554 pietas
474 518 544 543 sua
577 506 785 544 Caesarem
823 518 948 554 paene
986 505 1193 543 obstructis
1228 505 1356 545 hieme
1390 506 1557 556 Alpibus
1595 506 1635 544 in

312 569 449 608 urbem
480 569 590 608 traxit
604 584 614 616 ,·
655 571 706 608 ad
735 570 896 607 tutelam
925 568 1062 618 imperi
1091 583 1181 607 eum
1211 570 1311 609 ueris
1340 571 1451 610 initio
1484 571 1635 610 reduxit
1662 586 1673 592 ·

313 633 352 671 in
387 634 649 680 Germaniam,
683 634 722 671 in
754 633 863 671 cuius
895 633 1033 672 mediis
1065 633 1209 672 finibus
1242 636 1293 673 ad
1327 644 1443 685 caput
1476 636 1635 678 †Iuliae

313 698 484 736 fluminis
505 698 667 736 hiberna
687 697 907 747 digrediens
929 697 1108 747 princeps
1129 699 1334 737 locauerat.

215 767 292 805 106
367 765 441 801 Pro
469 762 522 801 dii
552 762 656 809 boni,
689 762 824 812 quanti
853 762 1064 800 uoluminis
1094 776 1212 812 opera
1240 763 1461 814 insequenti
1489 772 1635 803 aestate

311 827 384 865 sub
411 829 513 866 duce
536 827 696 865 Tiberio
724 828 890 866 Caesare
916 827 1130 877 gessimus!
1160 830 1389 877 perlustrata
1411 828 1527 867 armis
1555 837 1636 867 tota

312 891 522 929 Germania
555 899 623 938 est,
660 891 786 930 uictae
816 900 951 941 gentes
982 905 1106 941 paene
1141 892 1366 931 nominibus
1398 892 1631 943 incognitae,

311 964 489 1005 receptae
537 957 788 995 Cauchorum
836 956 1040 994 nationes:
1095 956 1223 995 omnis
1271 970 1405 995 eorum
1453 957 1636 996 iuuentus

311 1020 461 1058 infinita
481 1034 656 1067 numero,
679 1020 858 1059 inmensa
878 1020 1116 1070 corporibus,
1139 1020 1214 1058 situ
1234 1023 1411 1060 locorum
1431 1021 1634 1068 tutissima,

311 1084 459 1123 traditis
479 1084 596 1123 armis
617 1098 695 1122 una
715 1099 805 1123 cum
830 1085 997 1124 ducibus
1024 1085 1102 1123 suis
1129 1092 1263 1135 saepta
1286 1086 1448 1135 fulgenti
1473 1094 1638 1124 armato-

311 1162 387 1199 que
408 1149 575 1187 militum
605 1158 825 1187 nostrorum
855 1149 1010 1199 agmine
1038 1157 1128 1187 ante
1158 1149 1399 1199 imperatoris
1429 1150 1636 1200 procubuit

278 1234 292 1254 2
311 1213 489 1250 tribunal.
559 1213 669 1251 fracti
701 1213 960 1263 Langobardi,
991 1227 1085 1263 gens
1115 1214 1231 1252 etiam
1263 1215 1459 1252 Germana
1487 1214 1636 1253 feritate
1683 1230 1694 1236 ·

311 1277 500 1325 ferocior3
546 1277 718 1327 denique
749 1280 857 1328 quod
890 1292 1107 1328 numquam
1141 1287 1256 1316 antea
1286 1292 1354 1328 spe
1386 1287 1634 1329 conceptum,

312 1343 458 1380 nedum
480 1355 597 1391 opere
618 1350 850 1392 temptatum
872 1350 962 1389 erat,
985 1345 1035 1381 ad
1062 1343 1491 1393 quadringentesimum
1518 1343 1638 1381 milia-

311 1406 411 1444 rium
448 1420 471 1444 a
505 1408 649 1445 Rheno
683 1420 807 1457 usque
844 1409 895 1445 ad
929 1409 1076 1445 flumen
1110 1407 1255 1454 Albim,
1292 1407 1359 1457 qui
1393 1409 1637 1446 Semnonum

314 1473 765 1522 Hermundurorumque
786 1473 882 1510 fines
903 1472 1149 1522 praeterfluit,
1175 1474 1379 1510 Romanus
1404 1486 1494 1510 cum
1519 1472 1637 1522 signis

274 1555 291 1585 3
312 1537 523 1584 perductus
545 1535 743 1574 exercitus.
803 1544 841 1574 et
862 1538 1001 1575 eadem
1022 1537 1119 1575 mira
1139 1536 1322 1575 felicitate
1343 1544 1380 1574 et
1401 1550 1493 1574 cura
1513 1537 1634 1584 ducis,

312 1607 533 1649 temporum
555 1614 714 1650 quoque
734 1601 993 1648 obseruantia,
1017 1601 1160 1648 classis,
1184 1615 1285 1651 quae
1307 1601 1456 1640 Oceani
1477 1601 1638 1640 circum-

311 1664 562 1714 nauigauerat
595 1665 713 1712 sinus,
747 1666 796 1703 ab
828 1666 1005 1705 inaudito
1036 1674 1155 1716 atque
1186 1666 1386 1716 incognito
1420 1674 1510 1704 ante
1542 1667 1639 1705 mari

310 1730 472 1768 flumine
503 1730 596 1768 Albi
625 1731 824 1777 subuecta,
856 1744 937 1768 cum
972 1731 1223 1781 plurimarum
1253 1731 1427 1781 gentium
1462 1731 1636 1779 uictoria,

357 1844 370 1863 1
397 1832 520 1873 clarossfi.
539 1834 676 1872 ingenio
695 1835 885 1873 celebrique
907 1835 1046 1873 i-Pge-n-ie
1065 1835 1239 1865 consulatu
1256 1835 1290 1864 A
1312 1835 1381 1870 (sid)
1400 1846 1406 1864 ι
1439 1835 1529 1865 claro
1551 1836 1637 1866 celc-

310 1877 427 1916 brique
444 1887 535 1907 cons.
553 1876 586 1906 P
731 1889 749 1916 4
774 1882 803 1907 et
820 1888 858 1908 10
890 1889 977 1917 pene
994 1879 1027 1908 A
1105 1879 1268 1909 extructis
1285 1877 1374 1908 AF:
1399 1878 1468 1908 obs.
1491 1877 1638 1909 Gclenius

309 1930 328 1959 5
354 1921 394 1950 ad
413 1921 552 1951 tutelam
575 1921 705 1959 imperii
722 1933 727 1951 :
757 1932 833 1951 eum
856 1921 932 1954 ΑΡ.
951 1933 1068 1961 sequor
1086 1922 1190 1952 Vossii
1205 1922 1457 1952 distinctmnem:
1481 1926 1514 1951 at
1532 1923 1637 1952 tutela

310 1965 331 1995 i.
351 1974 426 1994 eum
444 1974 474 1995 u.
506 1965 527 1994 i.
556 1965 689 1994 reduxit
714 1964 856 2004 Lipsius,
876 1965 968 2004 prob.
994 1965 1089 1995 Kritz
1120 1970 1148 1995 et
1170 1964 1277 1994 Halm
1454 1965 1524 1995 initi
1546 1965 1637 1996 AP:

314 2007 418 2037 ‘alias
442 2008 531 2037 ueris
548 2008 662 2038 initio*
680 2007 865 2038 Rhenanus
994 2010 1015 2038 6
1041 2009 1166 2048 Lupiae
1183 2007 1315 2047 Lipsius
1398 2018 1414 2046 7
1439 2008 1591 2047 hyberna
1607 2008 1641 2038 P

309 2051 329 2080 8
354 2051 386 2080 in
414 2050 591 2093 sequentiss
615 2052 646 2081 A
667 2086 669 2088 v
812 2061 851 2081 10
875 2056 924 2082 est
949 2051 1004 2082 del.
1036 2052 1141 2090 Hera,
1173 2051 1344 2081 Gudcman
1443 2050 1583 2090 egentes
1600 2052 1633 2081 A

314 2105 352 2124 12
377 2094 508 2124 infinito
524 2094 557 2123 A
650 2094 812 2125 immensa
828 2094 862 2124 P
947 2095 1147 2126 tutissimam
1165 2095 1307 2124 traditus
1326 2096 1418 2129 (corr,
1437 2095 1468 2124 in
1487 2096 1633 2126 traditis}

310 2137 342 2167 A
511 2147 550 2176 13
573 2143 669 2176 septa
693 2138 763 2167 AF
926 2148 964 2176 15
991 2139 1202 2178 Langobardi
1233 2137 1286 2167 B:
1327 2138 1538 2177 Longobardi
1570 2138 1640 2167 ΑΡ

310 2191 397 2220 gene
414 2181 446 2209 A
588 2182 627 2210 16
650 2186 729 2211 ante
746 2181 838 2220 alpes
855 2181 927 2219 del„
945 2182 1015 2212 dein
1031 2187 1190 2222 suprascr.
1209 2186 1308 2211 antea
1325 2192 1403 2221 spes
1419 2181 1452 2211 A
1598 2192 1634 2220 17

310 2229 474 2254 tentatum
491 2223 561 2254 ΑΡ
624 2225 966 2263 quadrigentesimum
982 2226 1014 2255 A
1131 2226 1169 2255 18
1192 2225 1304 2255 Aibim
1323 2225 1356 2254 A
1427 2225 1634 2255 Semnonum

310 2267 489 2303 Puteanus,
513 2267 547 2306 cf
574 2266 667 2298 Mon.
682 2268 805 2306 Ancyr.
825 2279 854 2299 V.
876 2279 912 2307 17
938 2268 1145 2298 Mommsen:
1182 2269 1355 2299 Senonum
1373 2268 1443 2298 ΑΡ
1596 2278 1635 2307 19

311 2311 694 2350 Hermundurorumque
718 2310 826 2340 Miller
847 2312 978 2351 s1756):
1008 2312 1349 2350 Hermundorumque
1373 2311 1443 2341 ΑΡ
1593 2322 1634 2342 20

310 2355 427 2384 eadem
444 2354 560 2384 Kritz:
593 2355 712 2384 eodem
736 2354 806 2384 ΑΡ
922 2355 987 2386 sael.
1005 2355 1037 2384 A
1217 2365 1258 2385 22
1284 2355 1384 2385 maris
1409 2355 1543 2385 flumine
1568 2355 1632 2385 labi

310 2397 342 2426 A
478 2408 518 2436 23
537 2408 611 2428 cum
625 2397 750 2427 addidi:
775 2403 869 2437 parta
882 2399 955 2430 add.
971 2399 1078 2428 Halm
1150 2398 1269 2429 uictori
1286 2398 1487 2429 Burmann:
1514 2398 1633 2428 uictrix

311 2439 471 2481 Madmjg:
500 2446 576 2480 post
592 2441 635 2481 pl.
654 2451 682 2479 g.
703 2441 880 2472 uictoriam
903 2442 1145 2482 Frendenbevg:
1174 2453 1192 2472 a
1208 2442 1250 2481 pl.
1271 2452 1302 2480 g.
1323 2442 1462 2472 uictoria
1491 2441 1635 2472 Thomas

309 2487 337 2512 ot
354 2483 526 2515 Gudemtzn

935 2536 994 2567 116
