1799 2864
751 216 920 253 LIBER
951 216 992 252 ΙΙ

212 336 249 366 et
269 340 292 365 a
313 327 497 365 militibus
518 335 556 365 et
574 339 597 364 a
617 327 771 364 fortuna
791 326 965 363 desertus
986 326 1173 374 pulloque
1194 327 1343 363 uelatus
1363 325 1533 364 amiculo

212 392 310 430 inter
330 392 504 430 ultimam
522 390 803 429 confluentium
824 391 874 428 ad
892 391 1099 428 Caesarem
1116 390 1269 428 turbam
1290 392 1413 428 latens
1429 391 1532 440 geni-

213 457 283 494 bus
304 457 386 495 eius
414 457 623 494 aduolutus
653 463 720 493 est.
780 454 860 492 uita
888 467 1094 503 rerumque
1124 467 1279 491 suarum
1311 455 1530 493 dominium

210 535 396 560 concessa
415 521 449 558 ei
471 528 571 567 sunt,
595 519 768 569 spoliata,
791 532 909 568 quam
930 518 1027 557 tueri
1048 532 1127 556 non
1148 526 1310 567 poterat,
1333 519 1510 568 dignitas.

172 601 188 630 5
262 585 397 623 Subita
426 584 570 623 deinde
601 583 789 622 exercitus
821 583 971 630 seditio,
1003 582 1069 632 qui
1099 584 1329 632 plerumque
1359 592 1531 622 contem·
1550 585 1593 622 81

208 653 334 700 platus
365 650 622 700 frequentiam
662 664 772 689 suam
810 664 833 688 a
870 649 1076 699 disciplina
1114 649 1295 688 desciscit
1333 658 1381 697 et,
1422 653 1530 699 quod

207 729 345 764 cogere
366 730 406 754 se
427 724 536 765 putat
556 729 682 765 posse,
705 729 838 765 rogare
858 729 938 753 non
960 715 1133 761 sustinet,
1152 715 1291 764 partim
1313 715 1529 763 seueritate,

207 780 346 829 partim
367 780 595 818 liberalitate
615 780 790 818 discussa
810 779 1005 830 principis,
1024 779 1326 829 speciosumque
1342 793 1410 829 per
1426 779 1530 819 idem
1553 799 1567 819 2

207 853 360 895 tempus
389 845 585 884 adiectum
618 847 934 895 supplementum
968 846 1194 894 Campanae
1225 846 1404 884 coloniae
1426 861 1443 881 21<
1469 862 1487 881 *
1512 861 1529 881 »ιι

151 927 187 948 10
207 911 288 950 eius
322 910 444 949 relicti
475 918 582 948 erant
613 910 786 959 publici:
826 923 897 960 pro
928 910 987 948 his
1014 912 1130 960 longe
1156 910 1353 949 uberiores
1385 912 1531 950 reditus

206 974 448 1014 duodeciens
487 974 650 1012 sestertii
688 974 727 1012 in
760 976 876 1014 Creta
914 974 1040 1012 insula
1077 974 1219 1013 redditi
1249 982 1286 1012 et
1316 988 1418 1024 aqua
1447 989 1531 1025 pro-

206 1040 333 1087 missa,
370 1054 470 1089 quae
501 1040 699 1089 hodieque
730 1039 922 1089 singulare
957 1047 994 1077 et
1033 1039 1267 1077 salubritatis
1299 1039 1455 1078 †instar
1493 1049 1531 1079 et

204 1105 450 1144 amoenitatis
489 1114 763 1144 ornamentum
803 1114 869 1143 est.
940 1104 1090 1154 insigne
1129 1119 1297 1143 coronae
1331 1105 1528 1153 classicae,
1549 1122 1566 1152 3

205 1185 283 1221 quo
318 1185 435 1210 nemo
467 1185 654 1220 umquam
690 1173 961 1209 Romanorum
994 1172 1161 1209 donatus
1196 1179 1286 1218 erat,
1320 1173 1396 1210 hoc
1426 1172 1530 1210 bello

147 1250 183 1282 15
205 1236 378 1286 Agrippa
415 1236 597 1285 singulari
635 1236 776 1274 uirtute
815 1235 964 1274 meruit.
1034 1235 1159 1273 uictor
1203 1235 1347 1274 deinde
1386 1237 1531 1275 Caesar

204 1314 379 1339 reuersus
400 1300 439 1338 in
460 1301 597 1338 urbem
619 1309 836 1339 contractas
857 1300 1122 1350 emptionibus
1143 1302 1363 1349 complures
1388 1302 1529 1339 domos

203 1378 271 1414 per
291 1374 569 1414 procuratores,
592 1378 671 1414 quo
697 1365 817 1403 laxior
843 1366 951 1403 fieret
977 1364 1108 1414 ipsius,
1130 1364 1296 1414 publicis
1326 1378 1367 1402 se
1394 1365 1528 1403 usibus
1547 1380 1567 1409 4

203 1430 397 1468 destinare
436 1431 630 1479 professus
675 1438 743 1477 est,
785 1431 1054 1479 templumque
1102 1429 1296 1479 Apollinis
1343 1438 1381 1468 et
1427 1430 1529 1468 circa

203 1494 374 1543 porticus
391 1487 586 1532 ‘facturum
608 1494 795 1544 promisit,
819 1496 926 1543 quod
946 1495 997 1532 ab
1017 1507 1065 1532 eo
1086 1493 1268 1544 singulari
1289 1502 1526 1532 exstructum

145 1573 182 1594 20
203 1559 469 1597 munificentia
493 1568 560 1597 est.

256 1624 345 1671 Qua
376 1632 521 1662 aestate
553 1625 697 1663 Caesar
729 1632 807 1662 tarn
835 1637 1018 1673 prospere
1039 1628 1060 1663 †
1076 1623 1232 1661 Libium
1254 1623 1293 1661 in
1315 1623 1445 1661 Sicilia
1466 1626 1525 1661 Βῆ
1547 1623 1597 1660 82

202 1689 356 1726 fortuna
376 1688 415 1726 in
437 1690 603 1728 Caesare
624 1697 662 1727 et
684 1687 755 1741 [in]
778 1702 817 1726 re
838 1688 995 1738 publica
1022 1687 1202 1726 militauit
1228 1689 1278 1726 ad
1311 1687 1523 1726 Orientem.

244 1804 263 1831 4
287 1793 371 1823 tueri
388 1792 436 1824 P:
462 1794 582 1823 intueri
600 1792 666 1823 BA
684 1804 690 1823 ε
716 1793 747 1823 ui
765 1793 849 1823 tueri
867 1792 1052 1823 Doederlein
1186 1801 1205 1831 5
1231 1793 1353 1823 Secuta
1370 1792 1526 1823 Boxlzoru

200 1837 220 1866 8
244 1837 471 1875 spaetiosumq.
496 1837 529 1866 A
686 1837 774 1866 idem
798 1837 854 1867 A:
894 1837 925 1866 id
949 1836 983 1866 P
1133 1846 1154 1875 9
1179 1836 1347 1873 coloniae!
1373 1836 1526 1866 lacunam

194 1880 305 1919 posuit
324 1880 417 1909 Kritz
441 1890 542 1918 quam
567 1880 685 1919 expleri
704 1880 788 1909 iubet
810 1891 848 1909 ex
869 1880 987 1910 Dionis
1008 1879 1042 1911 C.
1062 1890 1113 1918 49.
1135 1889 1172 1917 14
1197 1879 1279 1910 οὕτω
1297 1878 1356 1917 μὲν
1375 1878 1429 1910 οὖν
1450 1881 1525 1909 τότε

200 1922 270 1953 τοὺς
295 1922 492 1961 στρατιώτας
515 1923 710 1963 κατέστησε·
740 1923 790 1953 καὶ
815 1922 853 1953 τὸ
877 1922 934 1961 μὲν
958 1922 1109 1962 ἀργύριον
1134 1922 1238 1953 αὐτοῖς
1264 1922 1384 1960 αὐτίκα,
1409 1922 1468 1961 τὴν
1492 1922 1524 1953 δὲ

202 1965 310 2006 χώραν
327 1967 362 1996 οὐ
379 1968 488 2006 πολλῷ
502 1965 635 2007 ὕστερον
651 1966 754 1998 ἔδωκε.
794 1966 897 2005 ἐπειδὴ
913 1966 974 2006 ’γὰρ
991 1967 1046 1996 οὐκ
1063 1965 1229 2005 ἐξήρκεσεν
1245 1968 1264 2005 ἡ
1282 1966 1315 1996 ἐν
1329 1967 1373 2006 τῷ
1388 1965 1526 2005 δημοσίῳ

201 2008 247 2040 ἔτι
271 2009 343 2039 τότε
369 2008 456 2047 οὖσα,
482 2010 726 2049 προσεξεπρὶατο
747 2009 852 2049 ἄλλην
875 2021 911 2039 τε
936 2010 986 2040 καῖ
1012 2009 1092 2049 παρὰ
1114 2010 1177 2039 τῶν
1202 2010 1381 2047 Καμπανῶν
1404 2009 1468 2039 τῶν
1493 2010 1526 2039 ἐν

201 2053 240 2092 τῇ
270 2052 380 2092 Καπύῃ
412 2053 582 2083 οἰκούντων
611 2053 746 2092 συχνήν·
792 2053 841 2083 καὶ
869 2052 930 2093 ’γὰρ
957 2053 1087 2084 ἐποίκων
1110 2055 1129 2093 ἡ
1156 2053 1243 2083 πόλις
1270 2054 1399 2083 πολλῶν
1427 2053 1526 2083 ε’δεῖτο

200 2101 264 2130 etc..
294 2096 377 2125 unde
399 2097 438 2127 L.
464 2108 493 2127 v.
518 2097 580 2127 Ian
599 2096 731 2135 (Pln'lol.
757 2097 802 2128 iii.
831 2108 860 2136 p.
891 2097 967 2136 339]
994 2097 1159 2136 supplebat
1185 2097 1304 2136 emptis
1326 2096 1446 2135 partim
1469 2097 1526 2135 qui

202 2140 434 2170 diuiderentur
458 2141 557 2178 agris.
583 2151 657 2171 cum
685 2151 752 2170 non
779 2142 972 2171 sufficerent
997 2141 1052 2179 qui
1081 2141 1113 2170 in
1141 2141 1345 2170 deductione
1371 2141 1525 2170 coloniae

201 2184 273 2213 eius
291 2194 313 2213 r.
333 2194 360 2212 e.
380 2184 502 2222 publici
519 2195 526 2214 z
553 2184 660 2213 Halm
684 2195 721 2213 ex
737 2185 910 2213 coniectura
934 2184 1104 2214 ueteranis
1128 2184 1159 2213 in
1182 2195 1280 2222 agros
1298 2183 1450 2213 deductis
1469 2184 1524 2222 qui

201 2226 351 2256 coloniae
365 2227 436 2257 eius
450 2227 555 2257 relicti
567 2232 662 2257 erant
677 2228 799 2266 publici
860 2238 898 2257 10
915 2228 1089 2257 uberiores
1100 2227 1186 2259 AP:
1205 2228 1349 2266 forfasse
1362 2227 1526 2257 uberioris

204 2280 235 2299 11
265 2270 442 2300 duodeties
460 2271 607 2301 sestertii
626 2271 658 2300 in
678 2271 800 2301 Craeta
830 2270 863 2300 A
882 2283 887 2301 :
914 2271 997 2301 S—H
1015 2270 1056 2309 P,
1076 2271 1147 2300 uide
1165 2271 1291 2302 comm.
1316 2270 1392 2300 Cm‘t.
1488 2280 1525 2300 12

201 2313 460 2343 instrumentum
488 2313 630 2349 Cludius,
666 2315 723 2344 uix
746 2314 952 2354 probabiliter
1093 2324 1129 2352 13
1155 2315 1294 2352 insigne.
1321 2314 1468 2344 Coronae
1490 2313 1522 2342 A

204 2367 240 2395 15
273 2357 432 2387 meruerit
453 2357 510 2387 A:
545 2368 627 2387 num
652 2360 841 2388 meruerat?
964 2368 1000 2396 17
1027 2357 1135 2387 laxior
1164 2363 1323 2396 suprascr.
1356 2356 1465 2387 laxius
1489 2357 1522 2385 A

202 2409 240 2438 19
264 2405 339 2430 extr
369 2400 438 2429 AF
559 2411 596 2430 21
626 2401 755 2431 Libium
772 2400 860 2430 AP:
898 2401 1062 2440 Lepidum
1085 2401 1267 2430 Rhenanus
1369 2401 1454 2431 bene
1474 2400 1525 2431 P:

203 2454 310 2482 paene
328 2443 451 2483 Sclzcgk
533 2455 572 2474 22
590 2448 622 2475 et
639 2445 672 2474 in
690 2455 759 2484 rep.
776 2444 809 2474 A
827 2456 834 2475 :
859 2449 892 2474 et
910 2444 997 2484 Rep.
1014 2444 1053 2484 P,
1075 2444 1146 2474 uide
1163 2444 1289 2474 Comm.
1310 2444 1385 2476 Cn‘t.

840 2534 880 2566 95
