1799 2864
583 192 1040 233 COMMENTARIVS
1071 194 1332 234 CRITICVS

295 311 440 335 summa
457 312 540 336 cum
559 301 630 336 fide
648 310 931 347 repraesentare.
982 304 1056 339 Sed
1075 304 1151 339 siue
1169 316 1309 350 magna
1327 304 1362 338 in
1383 303 1620 339 Murbacensi

293 357 359 392 fuit
385 357 461 394 siue
487 371 676 405 magnam,
706 360 765 395 uix
790 362 900 396 credo
936 368 1033 396 recte
1063 362 1123 396 edi
1156 364 1200 396 in
1235 363 1477 402 adiutorium,
1504 363 1620 397 eccle-

295 415 450 451 siasticis
469 417 584 461 magis
603 417 755 462 dignum
773 430 884 464 quam
912 420 1126 454 Paterculo:
1161 427 1259 454 certe
1278 419 1415 454 omisso
1433 422 1473 454 in
1493 419 1620 454 melius

295 473 465 509 latinitati
489 475 696 510 consulitur.

343 533 385 566 In
401 533 638 578 sequentibus
651 534 717 568 sed
723 535 887 568 Romani
897 537 1021 569 uirtus
1031 536 1163 570 militis
1171 536 1260 580 plus
1272 547 1311 569 eo
1325 539 1484 580 tempore
1497 535 1621 569 uindi-

293 594 416 624 catum
435 592 584 636 gloriae
606 603 717 636 quam
742 592 894 626 ducibus
919 593 1072 637 reliquit
1096 604 1213 637 paene
1231 594 1397 627 adducor
1414 600 1452 627 ut
1471 593 1621 627 credam

293 649 524 683 Romanihic
539 660 620 683 esse
633 649 651 684 ἰ.
666 661 700 694 q.
713 651 986 684 Romanorum:
1003 650 1045 684 cf.
1063 650 1139 684 Liu.
1155 650 1187 683 ii.
1201 659 1254 692 27.
1274 660 1287 685 1
1301 662 1308 693 ;
1330 650 1440 694 viii.3.
1454 660 1480 684 1.
1511 649 1621 694 Quod

292 705 322 740 si
341 705 390 740 ita
406 714 473 749 est,
493 709 624 741 militis
641 707 675 741 in
694 707 883 751 militibus,
903 714 940 742 ut
957 707 1050 742 coni.
1072 707 1226 752 Lipsius,
1245 707 1311 742 erit
1329 708 1597 752 refingendum.

339 774 397 797 112
424 764 446 798 6
482 763 699 809 interempto
747 765 910 809 prefecto
951 764 1190 810 castrorumq.
1235 765 1315 808 (sic)
1358 764 1621 810 praefectisque

291 821 497 856 cohortium
539 833 614 856 non
657 821 853 856 incruentis
887 821 1160 856 centurionibus
1202 822 1332 867 quibus
1367 822 1476 857 etiam
1514 822 1621 867 primi
1657 846 1665 849 s

291 878 441 914 ordines
459 879 637 914 cecidere.
655 880 706 913 Α.

341 936 402 981 qui
419 937 473 970 P:
500 937 631 981 quibus
648 939 759 971 etiam
777 938 823 971 B.

340 994 510 1037 Kritzius,
541 1001 688 1039 recepta
711 994 874 1029 Boecleri
902 994 1162 1029 emendatione
1191 1006 1209 1028 e
1233 995 1374 1039 quibus,
1407 1001 1622 1040 septemque

292 1051 382 1085 locis
400 1051 566 1096 allegatis
585 1064 629 1086 ex
648 1051 816 1087 Caesaris
836 1053 877 1086 B.
898 1054 953 1094 G.,
975 1052 1088 1095 Liuio,
1107 1052 1274 1087 Frontini
1293 1054 1461 1097 Strateg.,
1483 1052 1622 1097 Hygini

293 1109 338 1143 de
352 1108 484 1153 Limit.,
491 1111 639 1154 primos
649 1110 796 1144 ordines
807 1109 960 1144 credidit
971 1122 1052 1144 esse
1063 1110 1231 1144 ordinum
1247 1111 1418 1145 ductores
1430 1110 1507 1145 siue
1522 1110 1623 1156 ipsos

293 1166 521 1201 centuriones
540 1167 689 1212 primos.
733 1168 807 1203 Sed
826 1179 1049 1213 quamquam
1066 1169 1193 1213 primi
1212 1168 1360 1202 ordines
1377 1180 1452 1203 non
1471 1180 1554 1203 raro
1572 1168 1624 1203 sic

292 1223 463 1258 dicuntur
493 1224 558 1269 ipsi
589 1224 820 1260 centuriones
847 1225 907 1259 ubi
939 1226 985 1260 ab
1012 1225 1091 1260 aliis
1120 1225 1196 1260 siue
1227 1225 1380 1269 singulis
1411 1226 1623 1261 hominibus

291 1280 368 1315 siue
397 1282 592 1326 generibus
622 1282 775 1317 militum
809 1283 1078 1327 discernuntur,
1105 1284 1205 1318 uelut
1231 1296 1254 1317 a
1282 1284 1388 1318 Cotta
1412 1285 1625 1329 primisque

291 1339 483 1373 ordinibus
501 1341 544 1374 B.
561 1341 604 1375 G.
620 1353 653 1374 v.
669 1350 724 1384 30,
743 1340 905 1374 tribunis
921 1342 1082 1375 militum
1094 1342 1302 1386 primisque
1319 1342 1513 1376 ordinibus
1529 1341 1574 1377 vi.
1590 1351 1623 1386 7,

293 1408 374 1431 cum
399 1398 560 1432 tribunis
577 1400 789 1443 primisque
813 1399 1004 1432 ordinibus
1031 1398 1106 1433 Liu.
1128 1398 1208 1433 xliv.
1229 1409 1283 1442 33,
1311 1398 1431 1444 inepte
1458 1399 1623 1435 dicturus

293 1462 371 1490 erat
392 1457 603 1490 Paterculus
627 1457 899 1490 centurionibus
915 1469 933 1490 e
949 1457 1082 1500 quibus
1099 1458 1224 1501 primi
1246 1457 1394 1491 ordines
1410 1458 1573 1501 cecidere,
1593 1457 1623 1492 si

292 1514 438 1548 ordines
463 1513 483 1547 i.
510 1526 544 1559 q.
571 1514 670 1558 ipsos
697 1514 927 1549 centuriones
955 1513 1195 1558 significaret:
1230 1514 1300 1548 hoc
1327 1514 1427 1548 enim
1454 1514 1540 1559 quid
1567 1522 1623 1550 est

293 1571 391 1606 aliud
410 1583 522 1616 quam
548 1572 820 1606 centurionibus
843 1583 863 1606 e
886 1571 1018 1617 quibus
1044 1571 1153 1616 primi
1179 1574 1406 1606 centuriones
1431 1572 1624 1607 cecidere?

295 1629 359 1664 Sin
388 1629 530 1664 Gelenii
563 1636 711 1675 recepta
744 1629 1001 1664 emendatione
1036 1629 1222 1674 scripseris
1255 1630 1530 1663 centurionibus
1557 1631 1628 1674 qui

291 1689 402 1721 etiam
412 1689 537 1732 primi
551 1688 694 1721 ordinis
711 1688 873 1729 cecidere,
892 1699 961 1721 nec
987 1687 1225 1731 tautologiam
1249 1687 1435 1730 admittes,
1455 1694 1489 1721 et
1508 1688 1623 1722 habe-

292 1744 349 1779 bis
369 1744 589 1779 sententiam
607 1751 646 1779 ut
665 1746 778 1779 multo
796 1744 912 1789 magis
938 1744 1180 1789 perspicuam,
1202 1744 1250 1779 ita
1268 1744 1448 1778 breuitate
1471 1756 1564 1789 quae
1584 1745 1623 1779 fit

296 1802 419 1837 inlatis
438 1803 559 1837 uerbis
579 1805 702 1847 primi
717 1803 860 1836 ordinis
878 1810 960 1847 post
987 1801 1188 1843 relatiuum,
1209 1801 1426 1836 concinnam
1453 1802 1623 1846 dignam-

293 1872 363 1906 que
382 1861 583 1894 Paterculo.

340 1930 402 1963 114
424 1928 438 1952 1
467 1917 702 1952 distraximus
721 1918 779 1952 ille
796 1924 983 1952 tantorum
1002 1929 1154 1952 onerum
1172 1918 1277 1951 mole.
1296 1918 1381 1951 AF.

341 1978 589 2011 distraximus
607 1979 809 2011 Rhenanus
828 1977 982 2011 correxit
1000 1976 1035 2010 in
1053 1977 1370 2017 distractzssimus,
1389 1976 1488 2020 quod
1514 1975 1624 2020 pleri—

295 2048 364 2081 que
398 2044 637 2080 receperunt:
681 2036 839 2070 Heinsio
872 2042 908 2070 et
944 2035 1111 2070 Bentleio
1145 2035 1280 2080 placuit
1312 2035 1624 2069 districtissimus.

297 2095 443 2128 Incerta
475 2094 531 2136 lis,
565 2105 634 2128 nec
675 2105 769 2139 quae
811 2093 926 2138 possit
963 2105 1006 2127 ex
1041 2105 1115 2127 uno
1157 2093 1295 2136 codice,
1338 2103 1454 2137 eoque
1487 2093 1623 2127 totiens

295 2153 434 2195 uitiato,
467 2152 598 2187 dirimi.
649 2153 749 2186 Nam
779 2152 809 2186 si
840 2152 909 2186 loci
933 2152 1208 2196 perpendantur
1234 2151 1383 2194 similes,
1410 2158 1448 2185 ut
1476 2151 1551 2185 Cic.
1579 2151 1625 2185 de

298 2213 390 2256 Imp.
419 2212 548 2255 Pomp.
574 2221 606 2253 4.
634 2220 655 2254 9
680 2212 838 2255 ancipiti
859 2211 1092 2244 contentione
1106 2210 1279 2251 districti,
1299 2209 1344 2244 de
1364 2210 1466 2243 Orat.
1486 2208 1531 2243 iii.
1553 2218 1584 2242 2.
1605 2217 1624 2251 7

295 2270 507 2303 ambitionis
524 2269 646 2302 labore
672 2270 753 2302 uita
785 2269 968 2310 districta,
1000 2268 1034 2302 in
1060 2268 1179 2312 priore
1206 2268 1352 2302 codices
1370 2267 1535 2300 districti
1551 2267 1625 2311 (uel

295 2328 475 2369 destricti)
496 2326 620 2371 potius
654 2326 803 2368 habent,
824 2324 1029 2367 Fuldensis‚
1049 2325 1078 2359 si
1099 2325 1247 2359 Baitero
1266 2325 1368 2367 fides,
1386 2325 1568 2367 distracti,
1588 2323 1623 2358 in

295 2385 410 2418 altero
445 2385 616 2418 districta
650 2383 782 2417 dicitur
814 2394 896 2417 esse
923 2382 958 2416 in
985 2382 1217 2417 melioribus:
1262 2382 1327 2416 sed
1363 2382 1558 2426 utrubique
1587 2388 1623 2415 et

293 2444 484 2476 districtus
519 2448 554 2476 ct
579 2442 780 2475 distractus
805 2440 945 2484 legitur.
1009 2441 1114 2475 Fam.
1140 2440 1173 2475 ii.
1198 2449 1248 2484 15.
1268 2450 1287 2484 3
1313 2440 1505 2474 districtus
1531 2439 1627 2473 milii

931 2505 992 2536 180
