1799 2864
133 929 168 951 10

724 223 893 261 LIBER
930 225 972 261 ΙΙ

188 348 327 381 emere,
361 333 488 372 uerbis
519 335 687 371 mulcere
726 333 886 382 cupiens
921 333 1200 384 clamitansque
1230 343 1267 373 et
1296 337 1508 375 ostendens

191 399 332 448 fugisse
345 398 572 444 Antonium,
588 398 808 447 quaerebat,
827 411 896 447 pro
917 411 996 447 quo
1016 406 1159 436 etcum
1180 413 1258 448 quo
1280 409 1507 449 pugnarent,

189 471 228 500 at
256 463 308 500 illi
338 476 427 500 curn
456 462 523 500 diu
553 475 622 511 pro
650 462 812 500 absente
841 462 1091 501 dimicassent
1121 465 1233 510 duce,
1268 477 1379 513 aegre
1409 478 1509 502 sum-
1527 475 1544 506 5

191 526 315 564 missis
341 526 456 564 armis
486 539 635 564 cessere
664 526 877 573 uictoriam,
901 526 1092 575 citiusque
1123 527 1243 565 uitam
1273 527 1508 577 ueniamque

190 592 332 629 Caesar
360 590 546 639 promisit,
569 604 686 639 quam
714 590 786 628 illis
818 600 860 628 ut
889 604 973 628 eam
1004 599 1252 640 precarentur
1281 605 1508 641 persuasum

189 662 245 692 est
260 669 269 701 3
298 653 446 703 fuitque
467 654 506 692 in
533 656 713 693 confesso
741 654 880 693 milites
908 655 1045 704 optimi
1074 655 1326 705 imperatoris,
1349 656 1509 706 impera-

189 727 310 756 torem
331 718 566 768 fugacissimi
598 718 728 757 militis
754 720 931 757 functum
958 721 1043 766 uice,
1066 728 1108 757 ut
1128 720 1294 767 dubites,
1316 734 1439 758 suone
1459 734 1508 758 an
1528 725 1547 756 6

189 784 420 832 Cleopatrae
440 783 597 822 arbitrio
618 783 821 822 uictoriam
843 792 1124 834 temperaturus
1145 784 1268 831 fuerit,
1291 785 1357 834 qui
1378 787 1508 834 fugam

187 849 237 885 ad
269 847 351 885 eius
385 847 584 885 arbitrium
616 847 795 886 direxerit
826 850 948 898 fugae.
1021 849 1125 887 idem
1164 851 1313 887 locatus
1343 849 1381 886 in
1412 857 1511 887 terra

188 911 278 950 fecit
298 912 497 959 exercitus,
521 926 610 950 cum
631 926 672 950 se
693 912 882 952 Canidius
909 913 1109 963 praecipiti
1136 915 1225 963 fuga
1252 913 1439 964 rapuisset
1459 916 1509 952 ad

187 976 414 1014 Antonium.

241 1040 348 1089 Quid
370 1040 432 1078 ille
453 1040 535 1079 dies
557 1049 741 1079 terrarum
763 1041 847 1080 orbi
874 1042 1113 1091 praestiterit,
1136 1057 1182 1081 ex
1209 1056 1287 1092 quo
1319 1042 1357 1080 in
1388 1056 1505 1092 quem
1526 1047 1581 1084 86

188 1113 329 1142 statum
362 1105 580 1154 peruenerit
611 1107 765 1143 fortuna
795 1106 961 1155 publica,
994 1106 1079 1156 quis
1109 1106 1148 1144 in
1178 1108 1254 1145 hoc
1288 1115 1507 1145 transcursu

189 1178 267 1207 tarn
309 1169 419 1207 artati
468 1170 593 1219 operis
641 1170 853 1220 exprimere
891 1173 1062 1209 audeat?
1108 1171 1271 1210 uictoria
1308 1186 1400 1210 uero
1439 1172 1544 1210 fuitz

190 1233 501 1281 clementissima,
536 1248 608 1272 nec
640 1235 846 1284 quisquam
886 1235 1139 1285 interemptus
1178 1244 1245 1283 est,
1287 1236 1510 1286 paucissimi

189 1298 384 1345 summoti,
408 1298 474 1347 qui
494 1299 692 1347 deprecari
713 1299 872 1348 quidem
894 1313 963 1349 pro
985 1314 1024 1338 se
1056 1314 1135 1338 non
1163 1301 1405 1339 sustinerent.
1465 1315 1511 1339 ex

189 1376 265 1411 qua
286 1362 442 1400 lenitate
463 1362 572 1400 ducis
595 1363 721 1412 colligi
743 1363 879 1413 potuit,
898 1377 1014 1413 quem
1031 1372 1097 1402 aut
1117 1364 1227 1403 initio
1248 1365 1510 1403 triumuiratus

189 1426 246 1464 sui
276 1434 342 1464 aut
372 1426 410 1463 in
441 1427 588 1476 campis
621 1427 834 1477 Philippiis,
858 1428 887 1465 si
916 1428 970 1466 sic
1001 1428 1181 1476 licuisset,
1205 1429 1389 1468 uictoriae
1419 1443 1511 1468 suae

190 1492 358 1528 facturus
380 1490 492 1528 fuerit
513 1493 672 1529 modum.
732 1499 771 1529 at
802 1491 956 1530 Sosium
991 1494 1031 1530 L.
1056 1493 1214 1531 Arrunti
1241 1493 1366 1543 prisca
1391 1493 1512 1543 graui-

131 1571 145 1591 2
190 1563 267 1593 tate
306 1555 545 1592 celeberrimi
584 1557 692 1602 fides,
734 1570 824 1594 mox
868 1556 934 1594 diu
965 1570 1054 1594 cum
1098 1557 1305 1595 clementia
1344 1559 1511 1595 luctatus

190 1633 258 1657 sua
288 1620 441 1665 Caesar,
473 1619 642 1657 seruauit
671 1620 920 1658 incolumem.
994 1635 1073 1659 non
1103 1630 1363 1671 praetereatur
1399 1622 1510 1660 Asini
1531 1639 1548 1668 3

191 1683 376 1721 Pollionis
408 1684 553 1720 facturn
586 1691 623 1722 et
652 1684 801 1722 dictum
832 1685 1108 1723 memorabile:
1150 1699 1320 1735 namque
1351 1700 1440 1724 cum
1471 1700 1511 1724 se

189 1756 276 1797 post
307 1747 581 1785 Brundisinam
620 1761 757 1797 pacem
797 1749 1052 1787 continuisset
1081 1749 1120 1787 in
1148 1750 1260 1788 Italia
1289 1764 1417 1800 neque
1446 1758 1512 1788 aut

189 1812 350 1852 uidisset
383 1826 571 1861 umquam
605 1813 776 1862 reginam
806 1822 872 1851 aut
904 1822 992 1863 post
1021 1823 1250 1853 eneruatum
1276 1829 1408 1854 amore
1430 1815 1511 1853 eius

233 1916 253 1944 6
270 1915 329 1945 fuit
344 1914 445 1953 quiin
460 1915 625 1945 confessio
639 1915 671 1945 A
743 1916 946 1955 imperatore
961 1916 993 1945 A
1102 1927 1117 1955 7
1135 1918 1210 1947 uice
1223 1917 1297 1949 add.
1314 1918 1413 1948 Orelli
1476 1924 1513 1948 ut

192 1959 324 1988 dubites
347 1969 453 1987 suone
470 1958 595 1988 Bnrer:
634 1959 800 1989 uidebites
832 1970 874 1989 ne
906 1959 938 1989 A
957 1971 963 1989 :
988 1960 1115 1991 uidebit
1133 1972 1151 1991 e
1170 1971 1230 1990 suo
1246 1961 1297 1992 P:
1333 1962 1512 1992 dubitesne

193 2002 310 2031 Orelli:
336 2002 392 2031 uix
407 2002 538 2031 dubites
551 2012 613 2032 suo
627 2013 668 2032 an
691 2003 739 2032 Cl.
763 2002 907 2034 Berndt:
934 2013 1015 2033 nam
1040 2015 1082 2033 ne
1107 2005 1238 2034 dubites
1258 2015 1318 2034 suo
1336 2016 1377 2034 an
1396 2005 1512 2044 Cleop.

190 2045 327 2075 arbitrio
459 2046 478 2074 8
496 2045 595 2075 fuerit
617 2045 696 2075 Voss
795 2047 836 2076 ad
855 2046 925 2076 eius
944 2046 1053 2084 fugam
1072 2048 1242 2078 arbitrium
1261 2049 1383 2078 direxit
1402 2049 1513 2086 fugam

190 2088 222 2118 A
239 2100 245 2119 2
271 2089 310 2118 ad
329 2088 401 2118 eius
421 2089 592 2118 arbitrium
609 2089 733 2119 direxit
751 2090 859 2127 fugam
877 2089 916 2127 P,
936 2091 1057 2120 sorrcxi
1069 2102 1108 2120 ex
1120 2091 1153 2120 A
1170 2103 1176 2122 ε
1202 2092 1365 2124 direxerit
1382 2091 1489 2120 Halm
1505 2102 1513 2121 :

192 2132 314 2161 direxit
338 2131 408 2160 ΑΡ
503 2142 523 2170 9
547 2132 579 2161 in
597 2137 687 2162 terra
704 2138 862 2172 suprascr.
881 2133 1010 2163 interea
1026 2133 1059 2163 A
1155 2136 1193 2164 16
1217 2135 1374 2165 summoti
1391 2134 1509 2173 Baiter,

189 2175 224 2213 cf.
245 2176 296 2205 68.
321 2185 354 2206 1:
389 2179 423 2204 et
448 2175 480 2204 hi
497 2175 585 2205 AP:
610 2176 707 2206 eiecti
734 2176 861 2208 Ilalm:
888 2178 997 2206 exacti
1022 2188 1077 2217 ego
1093 2179 1170 2207 olim
1328 2188 1363 2216 17
1390 2178 1423 2207 in
1441 2177 1509 2217 del„

191 2218 261 2248 dnm
278 2223 435 2257 suprascr.
456 2219 549 2248 initio
566 2218 598 2248 A
691 2220 729 2248 18
746 2219 773 2249 si
791 2220 838 2249 sic
850 2219 900 2250 P:
926 2220 973 2250 sic
985 2220 1017 2249 A
1035 2231 1042 2250 ε
1066 2222 1093 2251 si
1107 2221 1216 2250 Bm'er
1319 2232 1357 2260 19
1378 2221 1512 2250 modum

191 2261 266 2292 add.
292 2262 476 2291 Rhenanus
647 2267 680 2292 at
706 2262 840 2292 Sosium
869 2263 903 2294 L.
923 2263 1075 2294 Arruntii
1097 2264 1288 2294 Puteanus:
1320 2266 1360 2294 ad
1394 2264 1513 2294 solium

194 2305 322 2345 (solium
340 2305 383 2342 P)
403 2305 534 2335 alarunt
550 2305 583 2334 in
597 2306 706 2344 prisca
721 2306 810 2336 AP:
835 2306 898 2336 uiri
924 2307 1031 2345 prisca
1059 2308 1159 2338 Orelli
1260 2319 1301 2338 20
1325 2308 1435 2338 odium
1454 2332 1460 2338 .
1479 2332 1486 2339 .
1505 2332 1514 2339 .,

192 2348 358 2378 eluctatus
372 2347 515 2388 fllaa'm'g
599 2359 637 2378 21
656 2349 765 2379 Asinii
780 2349 851 2379 ΑΡ
917 2360 958 2379 22
982 2361 1126 2390 namque
1143 2351 1208 2381 BA
1227 2363 1234 2382 :
1259 2362 1334 2381 nam
1351 2351 1384 2381 P
1472 2361 1514 2390 23

682 2401 718 2417 un

194 2424 441 2456 Brundusinam
452 2424 486 2455 P
571 2435 611 2463 24
627 2430 700 2456 t-um
712 2436 810 2465 quam
823 2425 856 2456 Α
873 2425 941 2468 (sic)

841 2542 883 2574 99
1306 2526 1351 2564 7*
