1799 2864
118 940 155 960 10

113 1589 152 1610 20

706 231 878 270 LIBER
908 231 950 268 ΙΙ

174 358 210 387 et
242 348 324 387 uisa
349 347 446 386 ultio
474 346 626 396 priuato
655 345 749 384 odio
783 344 905 394 magis
938 356 1057 394 quam
1087 341 1269 392 publicae
1299 341 1497 380 uindictae

174 416 274 452 data.

227 478 403 517 Subinde
432 476 572 515 Porcio
603 474 835 525 Marcioque
868 473 1096 512 consulibus
1129 473 1301 511 deducta
1342 470 1498 509 colonia

175 543 309 581 Narbo
339 540 514 579 Martius.

228 606 440 644 Mandetur
459 604 604 643 deinde
620 602 832 642 memoriae
852 601 1037 640 seueritas
1057 600 1302 639 iudiciorum.
1352 599 1498 649 quippe
1519 604 1542 639 8

174 672 216 708 C.
241 670 341 708 Cato
361 668 588 715 consularis,
612 669 667 705 M.
687 666 850 707 Catonis
870 679 1006 716 nepos,
1027 664 1202 703 Africani
1221 663 1364 702 sororis
1384 663 1496 710 filius,

173 735 476 783 repetundarum
510 747 557 771 ex
592 732 831 771 Macedonia
860 733 1069 770 damnatus
1101 738 1170 777 est,
1203 743 1293 768 cum
1332 728 1378 767 lis
1416 729 1499 767 eius

173 799 259 837 HS.
293 806 477 848 quattuor
510 797 668 836 milibus
702 796 991 836 aestimaretur:
1034 796 1136 834 adeo
1173 794 1228 832 illi
1266 793 1338 832 uiri
1377 794 1499 843 magis

175 864 418 901 uoluntatem
452 862 644 912 peccandi
673 862 925 900 intuebantur
958 874 1077 911 quam
1111 861 1287 906 modum,
1318 860 1499 909 factaque

173 928 224 965 ad
244 926 452 966 consilium
472 926 691 976 dirigebant
712 934 749 964 et
770 926 877 976 quid,
899 939 980 964 non
1000 925 1040 963 in
1064 932 1256 974 quantum
1282 923 1498 962 admissum

174 993 282 1038 foret,
322 991 592 1029 aestimabant.
651 991 753 1029 circa
790 991 930 1028 eadem
963 998 1141 1039 tempora
1176 990 1231 1026 M.
1271 989 1311 1026 C.
1348 988 1499 1026 Metelli
1521 1003 1535 1023 2

173 1057 305 1094 fratres
343 1069 423 1094 uno
461 1056 526 1094 die
563 1056 912 1105 triumphauerunt.
971 1068 1052 1093 non
1090 1054 1220 1092 minus
1254 1055 1401 1091 clarum
1440 1067 1500 1092 ex-

174 1122 348 1170 emplum
379 1128 417 1158 et
447 1122 578 1158 adhuc
609 1119 770 1158 unicum
803 1119 917 1158 Fului
952 1118 1092 1165 Flacci,
1115 1118 1197 1156 eius
1225 1118 1293 1167 qui
1320 1119 1497 1167 Capuam

173 1192 338 1234 ceperat,
361 1184 540 1231 filiorum,
563 1186 633 1222 sed
652 1184 808 1222 alterius
828 1184 867 1221 in
888 1183 1144 1233 adoptionem
1164 1182 1255 1228 dati,
1274 1182 1313 1220 in
1334 1182 1499 1232 collegio

173 1251 399 1287 consulatus
419 1249 490 1287 fuit
506 1264 515 1296 ς
543 1249 753 1298 adoptiuus
778 1249 817 1286 in
839 1247 996 1286 Acidini
1019 1247 1145 1285 Manli
1164 1246 1350 1284 familiam
1372 1248 1496 1285 datus.

174 1327 265 1351 nam
312 1327 476 1352 censura
521 1315 773 1351 Metellorum
818 1312 1062 1362 patruelium,
1103 1325 1183 1350 non
1224 1325 1499 1361 germanorum

173 1380 331 1416 fratrum
352 1378 434 1425 fuit,
457 1379 565 1428 quod
586 1378 678 1416 solis
698 1377 912 1427 contigerat
932 1376 1193 1426 Scipionibus.
1243 1384 1327 1414 tum
1349 1375 1499 1415 Cimbri
1522 1386 1538 1414 3

172 1452 209 1481 et
229 1443 401 1481 Teutoni
421 1444 696 1481 transcendere
713 1444 911 1489 Rhenum,
930 1441 1060 1479 multis
1077 1454 1168 1479 mox
1184 1440 1324 1479 nostris
1341 1440 1500 1490 suisque

171 1507 349 1546 cladibus
373 1507 535 1546 nobiles.
594 1521 663 1557 per
689 1508 828 1545 eadem
855 1515 1032 1555 tempora
1062 1507 1187 1543 clarus
1218 1505 1301 1543 eius
1332 1505 1496 1551 Minuci,

171 1572 239 1621 qui
268 1571 452 1621 porticus,
475 1585 576 1622 quae
609 1572 808 1621 hodieque
838 1571 1010 1609 celebres
1040 1578 1141 1616 sunt,
1173 1569 1331 1607 molitus
1361 1577 1429 1615 est,
1453 1583 1498 1607 ex

171 1635 386 1674 Scordiscis
406 1635 626 1685 triumphus
646 1635 727 1674 fuit.

225 1701 380 1739 Eodem
401 1708 525 1738 tractu
545 1708 768 1750 temporum
789 1700 988 1738 nituerunt
1014 1707 1186 1738 oratores
1213 1699 1346 1748 Scipio
1367 1699 1496 1737 Aemi·
1517 1705 1544 1742 9

170 1764 296 1803 lianus
334 1764 580 1814 Laeliusque,
614 1766 692 1803 Ser.
729 1765 867 1811 Galba,
901 1765 982 1802 duo
1016 1763 1195 1809 Gracchi,
1232 1764 1275 1802 C.
1312 1763 1495 1809 Fannius,

171 1829 302 1868 Carbo
336 1829 537 1879 Papirius,
579 1842 652 1867 nec
690 1830 996 1879 praetereundus
1036 1829 1222 1866 Metellus
1262 1828 1498 1866 Numidicus

219 1943 231 1963 1
259 1933 340 1963 ultio
363 1932 420 1963 del.
436 1932 568 1973 Bentley
582 1937 611 1963 et
628 1932 796 1973 Wopkens.
843 1932 909 1962 Hic
920 1935 1028 1962 tamen
1046 1931 1207 1961 lectionem
1224 1931 1381 1962 traditam
1397 1932 1498 1961 tuitus

170 1980 216 2005 est
236 1976 317 2006 Tull.
335 1976 416 2007 Lect.
439 1980 454 2014 ξ
476 1977 536 2015 148
675 1987 695 2016 3
722 1976 839 2006 Portio
856 1975 926 2006 ΑΡ
1013 1975 1203 2014 Martioque
1220 1974 1254 2004 P
1383 1984 1403 2013 5
1429 1985 1496 2005 me-

173 2031 277 2060 moria
300 2040 379 2061 esae
402 2031 529 2061 ueritas
552 2030 586 2060 A
607 2031 703 2071 prius
847 2032 868 2060 6
891 2022 980 2061 CO‘-S
1007 2029 1110 2069 (COS
1129 2029 1173 2068 P)
1201 2029 1287 2059 Cato
1312 2029 1496 2060 consularis

172 2085 260 2115 AP:
287 2095 350 2117 em.
372 2084 484 2115 Aldus
614 2095 630 2124 7
655 2086 695 2115 lis
719 2085 793 2115 eius
820 2085 856 2124 (li
881 2085 970 2115 seius
989 2085 1084 2124 prius
1099 2083 1151 2123 A)
1178 2079 1238 2114 ffff
1254 2084 1384 2116 aestim.
1408 2083 1496 2113 AP:

171 2140 211 2169 lis
236 2140 268 2169 ei
293 2139 355 2170 HS
378 2134 432 2169 ἦ
456 2144 537 2171 aest.
564 2139 713 2180 Scaliger
731 2143 760 2170 et
784 2139 996 2170 Salmasius:
1034 2138 1058 2169 l.
1085 2139 1158 2169 eius
1185 2139 1378 2169 sestertium
1402 2144 1496 2176 quat-

172 2189 250 2213 tuor
266 2183 399 2213 milibus
416 2183 511 2213 Kritz
526 2187 554 2213 et
569 2184 678 2213 Halm
799 2193 834 2213 11
862 2183 905 2213 M.
926 2183 963 2214 C.
986 2182 1072 2212 Voss.
1093 2193 1099 2212 :
1126 2182 1169 2213 M.
1189 2182 1278 2212 AP:
1303 2182 1369 2212 duo
1386 2181 1498 2212 Aldus

176 2247 211 2275 ¹4
229 2242 388 2276 coeperat
406 2236 438 2266 A
533 2247 570 2276 15
587 2237 779 2268 consulatus
796 2237 943 2269 Krause:
966 2237 1054 2268 COS
1071 2237 1104 2266 A
1123 2248 1129 2267 ε
1154 2237 1242 2267 COS
1260 2237 1293 2266 P
1388 2246 1497 2266 mace-

173 2281 271 2310 deani
288 2291 364 2311 corr.
383 2281 416 2311 in
434 2280 632 2321 macidoani,
653 2281 723 2311 dein
740 2281 798 2311 lzoc
810 2291 900 2311 eraso
915 2286 1074 2320 suprascr.
1096 2280 1274 2311 macidiani
1292 2279 1325 2308 A
1351 2283 1387 2308 ut
1407 2280 1499 2309 uisus

171 2334 248 2353 sum
272 2324 369 2364 legere
383 2334 389 2353 ε
422 2324 453 2352 in
471 2324 626 2354 Acidiani
642 2324 694 2354 P:
718 2325 751 2354 in
768 2324 902 2354 Acidini
918 2324 1077 2365 Sigonius
1092 2328 1120 2354 et
1134 2324 1246 2354 Aldus
1345 2323 1444 2353 filiam
1462 2322 1494 2351 A

176 2368 214 2396 16
238 2377 380 2397 censura
406 2367 574 2398 Gelenius:
605 2378 727 2398 census
750 2367 820 2397 ΑΡ
983 2370 1020 2398 18
1045 2368 1263 2398 transcedere
1288 2366 1321 2395 A
1459 2374 1498 2404 19

174 2411 294 2441 nobilis
307 2410 340 2440 A
358 2421 365 2440 ε
390 2411 492 2440 immo
509 2411 655 2441 nobilem
749 2410 864 2441 Minici
881 2410 931 2441 P:
957 2411 1082 2442 Manici
1099 2411 1131 2440 Α
1224 2421 1265 2441 20
1290 2409 1497 2440 excordiscis

173 2453 207 2482 A
330 2463 371 2484 22
396 2459 504 2484 tractu
521 2459 543 2486 t.
560 2454 651 2485 AB:
676 2460 865 2494 temporum
882 2459 904 2485 t.
922 2454 955 2484 P

816 2581 853 2613 27
