<?xml version="1.0" encoding="UTF-8"?>
<!DOCTYPE html PUBLIC "-//W3C//DTD XHTML 1.0 Transitional//EN"
    "http://www.w3.org/TR/xhtml1/DTD/xhtml1-transitional.dtd">
<html xmlns="http://www.w3.org/1999/xhtml" xml:lang="en" lang="en">
 <head>
  <title>
</title>
<meta http-equiv="Content-Type" content="text/html;charset=utf-8" />
  <meta name='ocr-system' content='tesseract 3.04.00' />
  <meta name='ocr-capabilities' content='ocr_page ocr_carea ocr_par ocr_line ocrx_word'/>
</head>
<body>
  <div class='ocr_page' id='page_1' title='image "admvinciumlibrid00velluoft_0207.png"; bbox 0 0 1799 2864; ppageno 0'>
   <div class='ocr_carea' id='block_1_1' title="bbox 474 195 1267 233">
    <p class='ocr_par' dir='ltr' id='par_1_1' title="bbox 474 195 1267 233">
     <span class='ocr_line' id='line_1_1' title="bbox 474 195 1267 233; baseline -0.003 0"><span class='ocrx_word' id='word_1_1' title='bbox 474 196 535 233; x_wconf 91' lang='lat' dir='ltr'>IN</span> <span class='ocrx_word' id='word_1_2' title='bbox 564 195 855 232; x_wconf 89' lang='lat' dir='ltr'>VELLEIVM</span> <span class='ocrx_word' id='word_1_3' title='bbox 886 195 1267 233; x_wconf 87' lang='lat' dir='ltr'><strong>PATERCVLVM</strong></span> 
     </span>
    </p>
   </div>
   <div class='ocr_carea' id='block_1_2' title="bbox 214 304 1549 2265">
    <p class='ocr_par' dir='ltr' id='par_1_2' title="bbox 215 304 1541 638">
     <span class='ocr_line' id='line_1_2' title="bbox 215 304 1538 350; baseline -0.001 -11"><span class='ocrx_word' id='word_1_4' title='bbox 215 317 309 350; x_wconf 82' lang='lat' dir='ltr'>quae</span> <span class='ocrx_word' id='word_1_5' title='bbox 332 317 379 348; x_wconf 88' lang='lat' dir='ltr'>eo,</span> <span class='ocrx_word' id='word_1_6' title='bbox 407 306 608 339; x_wconf 84' lang='lat' dir='ltr'>Rhenanus</span> <span class='ocrx_word' id='word_1_7' title='bbox 634 309 756 349; x_wconf 82' lang='lat' dir='ltr'>alque,</span> <span class='ocrx_word' id='word_1_8' title='bbox 778 305 894 338; x_wconf 88' lang='lat' dir='ltr'>Burer</span> <span class='ocrx_word' id='word_1_9' title='bbox 917 316 1026 348; x_wconf 81' lang='lat' dir='ltr'>eoque</span> <span class='ocrx_word' id='word_1_10' title='bbox 1052 305 1109 338; x_wconf 93' lang='lat' dir='ltr'>uel</span> <span class='ocrx_word' id='word_1_11' title='bbox 1139 317 1177 338; x_wconf 81' lang='lat' dir='ltr'>eo</span> <span class='ocrx_word' id='word_1_12' title='bbox 1202 304 1303 349; x_wconf 84' lang='lat' dir='ltr'>quod</span> <span class='ocrx_word' id='word_1_13' title='bbox 1327 305 1446 349; x_wconf 85' lang='lat' dir='ltr'>legere</span> <span class='ocrx_word' id='word_1_14' title='bbox 1472 304 1538 339; x_wconf 91' lang='lat' dir='ltr'>sibi</span> 
     </span>
     <span class='ocr_line' id='line_1_3' title="bbox 216 362 1539 407; baseline 0 -10"><span class='ocrx_word' id='word_1_15' title='bbox 216 363 314 398; x_wconf 88' lang='lat' dir='ltr'>uisus</span> <span class='ocrx_word' id='word_1_16' title='bbox 356 370 420 398; x_wconf 88' lang='lat' dir='ltr'>est.</span> <span class='ocrx_word' id='word_1_17' title='bbox 487 364 543 397; x_wconf 86' lang='lat' dir='ltr'>Ex</span> <span class='ocrx_word' id='word_1_18' title='bbox 588 362 644 396; x_wconf 91' lang='lat' dir='ltr'>his</span> <span class='ocrx_word' id='word_1_19' title='bbox 682 362 902 397; x_wconf 86' lang='lat' dir='ltr'>Thomasius</span> <span class='ocrx_word' id='word_1_20' title='bbox 949 363 1117 406; x_wconf 84' lang='lat' dir='ltr'>praetulit</span> <span class='ocrx_word' id='word_1_21' title='bbox 1157 374 1275 407; x_wconf 74' lang='lat' dir='ltr'>eaque,</span> <span class='ocrx_word' id='word_1_22' title='bbox 1318 363 1414 407; x_wconf 85' lang='lat' dir='ltr'>quod</span> <span class='ocrx_word' id='word_1_23' title='bbox 1456 374 1539 397; x_wconf 89' lang='lat' dir='ltr'>cum</span> 
     </span>
     <span class='ocr_line' id='line_1_4' title="bbox 221 419 1541 465; baseline 0 -11"><span class='ocrx_word' id='word_1_24' title='bbox 221 420 372 455; x_wconf 79' lang='lat' dir='ltr'>Kritzius</span> <span class='ocrx_word' id='word_1_25' title='bbox 392 431 581 465; x_wconf 83' lang='lat' dir='ltr'>perperam</span> <span class='ocrx_word' id='word_1_26' title='bbox 605 419 863 464; x_wconf 86' lang='lat' dir='ltr'>interpretatus</span> <span class='ocrx_word' id='word_1_27' title='bbox 887 426 984 454; x_wconf 87' lang='lat' dir='ltr'>esset</span> <span class='ocrx_word' id='word_1_28' title='bbox 1013 420 1069 454; x_wconf 89' lang='lat' dir='ltr'>‘et</span> <span class='ocrx_word' id='word_1_29' title='bbox 1097 422 1314 464; x_wconf 82' lang='lat' dir='ltr'>propterea‚&#39;</span> <span class='ocrx_word' id='word_1_30' title='bbox 1332 420 1391 454; x_wconf 92' lang='lat' dir='ltr'>hic</span> <span class='ocrx_word' id='word_1_31' title='bbox 1409 420 1541 455; x_wconf 88' lang='lat' dir='ltr'>rectius</span> 
     </span>
     <span class='ocr_line' id='line_1_5' title="bbox 216 478 1538 524; baseline -0.001 -11"><span class='ocrx_word' id='word_1_32' title='bbox 216 479 268 513; x_wconf 88' lang='lat' dir='ltr'>sic</span> <span class='ocrx_word' id='word_1_33' title='bbox 286 479 479 524; x_wconf 84' lang='lat' dir='ltr'>explicauit</span> <span class='ocrx_word' id='word_1_34' title='bbox 502 479 604 522; x_wconf 81' lang='lat' dir='ltr'>quad</span> <span class='ocrx_word' id='word_1_35' title='bbox 618 505 625 512; x_wconf 93' lang='lat'><strong><em>.</em></strong></span> <span class='ocrx_word' id='word_1_36' title='bbox 647 504 654 511; x_wconf 92' lang='lat'><em>.</em></span> <span class='ocrx_word' id='word_1_37' title='bbox 674 504 680 511; x_wconf 97' lang='lat'>.</span> <span class='ocrx_word' id='word_1_38' title='bbox 688 478 818 523; x_wconf 81' lang='lat' dir='ltr'>facere</span> <span class='ocrx_word' id='word_1_39' title='bbox 841 478 1013 511; x_wconf 80' lang='lat' dir='ltr'>uoluerat</span> <span class='ocrx_word' id='word_1_40' title='bbox 1037 489 1146 522; x_wconf 75' lang='lat' dir='ltr'>eoque</span> <span class='ocrx_word' id='word_1_41' title='bbox 1164 504 1171 511; x_wconf 94' lang='lat'><strong>.</strong></span> <span class='ocrx_word' id='word_1_42' title='bbox 1191 504 1198 512; x_wconf 90' lang='lat'><strong>.</strong></span> <span class='ocrx_word' id='word_1_43' title='bbox 1219 505 1225 512; x_wconf 92' lang='lat'><strong>.</strong></span> <span class='ocrx_word' id='word_1_44' title='bbox 1243 483 1325 512; x_wconf 75' lang='lat' dir='ltr'>erat</span> <span class='ocrx_word' id='word_1_45' title='bbox 1349 479 1538 522; x_wconf 72' lang='lat' dir='ltr'>inhibitus,</span> 
     </span>
     <span class='ocr_line' id='line_1_6' title="bbox 216 533 1537 581; baseline -0.001 -10"><span class='ocrx_word' id='word_1_46' title='bbox 216 538 250 571; x_wconf 93' lang='lat' dir='ltr'>h.</span> <span class='ocrx_word' id='word_1_47' title='bbox 263 548 292 570; x_wconf 91' lang='lat' dir='ltr'>e.</span> <span class='ocrx_word' id='word_1_48' title='bbox 312 543 348 571; x_wconf 90' lang='lat' dir='ltr'>et</span> <span class='ocrx_word' id='word_1_49' title='bbox 367 547 438 581; x_wconf 90' lang='lat' dir='ltr'>quo</span> <span class='ocrx_word' id='word_1_50' title='bbox 459 533 656 578; x_wconf 86' lang='lat' dir='ltr'>[faciendo]</span> <span class='ocrx_word' id='word_1_51' title='bbox 684 541 761 569; x_wconf 87' lang='lat' dir='ltr'>erat</span> <span class='ocrx_word' id='word_1_52' title='bbox 787 534 972 577; x_wconf 89' lang='lat' dir='ltr'>inhibitus,</span> <span class='ocrx_word' id='word_1_53' title='bbox 992 534 1182 569; x_wconf 88' lang='lat' dir='ltr'>relatiuum</span> <span class='ocrx_word' id='word_1_54' title='bbox 1207 543 1294 569; x_wconf 92' lang='lat' dir='ltr'>noto</span> <span class='ocrx_word' id='word_1_55' title='bbox 1312 547 1413 570; x_wconf 91' lang='lat' dir='ltr'>more</span> <span class='ocrx_word' id='word_1_56' title='bbox 1433 536 1537 570; x_wconf 89' lang='lat' dir='ltr'>Cice-</span> 
     </span>
     <span class='ocr_line' id='line_1_7' title="bbox 216 593 1091 638; baseline -0.001 -10"><span class='ocrx_word' id='word_1_57' title='bbox 216 594 367 629; x_wconf 89' lang='lat' dir='ltr'>roniano</span> <span class='ocrx_word' id='word_1_58' title='bbox 386 594 621 628; x_wconf 82' lang='lat' dir='ltr'>continuante</span> <span class='ocrx_word' id='word_1_59' title='bbox 641 593 931 628; x_wconf 89' lang='lat' dir='ltr'>demonstratiuo</span> <span class='ocrx_word' id='word_1_60' title='bbox 952 594 999 638; x_wconf 89' lang='lat' dir='ltr'>(p.</span> <span class='ocrx_word' id='word_1_61' title='bbox 1023 593 1091 637; x_wconf 72' lang='grc'>15).</span> 
     </span>
    </p>

    <p class='ocr_par' dir='ltr' id='par_1_3' title="bbox 214 651 1545 1218">
     <span class='ocr_line' id='line_1_8' title="bbox 262 651 1541 697; baseline -0.001 -11"><span class='ocrx_word' id='word_1_62' title='bbox 262 654 355 696; x_wconf 86' lang='lat' dir='ltr'>Ego,</span> <span class='ocrx_word' id='word_1_63' title='bbox 387 651 447 697; x_wconf 87' lang='lat' dir='ltr'>qui</span> <span class='ocrx_word' id='word_1_64' title='bbox 478 653 614 686; x_wconf 87' lang='lat' dir='ltr'>Burero</span> <span class='ocrx_word' id='word_1_65' title='bbox 641 652 691 686; x_wconf 82' lang='lat' dir='ltr'>ita</span> <span class='ocrx_word' id='word_1_66' title='bbox 720 652 997 696; x_wconf 84' lang='lat' dir='ltr'>obsequendum</span> <span class='ocrx_word' id='word_1_67' title='bbox 1024 658 1113 696; x_wconf 87' lang='lat' dir='ltr'>puto</span> <span class='ocrx_word' id='word_1_68' title='bbox 1140 658 1178 686; x_wconf 91' lang='lat' dir='ltr'>ut</span> <span class='ocrx_word' id='word_1_69' title='bbox 1206 658 1330 686; x_wconf 86' lang='lat' dir='ltr'>tamen</span> <span class='ocrx_word' id='word_1_70' title='bbox 1359 652 1541 686; x_wconf 81' lang='lat' dir='ltr'>Rhenano</span> 
     </span>
     <span class='ocr_line' id='line_1_9' title="bbox 215 708 1542 754; baseline -0.001 -11"><span class='ocrx_word' id='word_1_71' title='bbox 215 709 362 754; x_wconf 82' lang='lat' dir='ltr'>aliquid,</span> <span class='ocrx_word' id='word_1_72' title='bbox 381 709 628 743; x_wconf 86' lang='lat' dir='ltr'>Amerbachio</span> <span class='ocrx_word' id='word_1_73' title='bbox 647 709 872 754; x_wconf 81' lang='lat' dir='ltr'>aliquantum</span> <span class='ocrx_word' id='word_1_74' title='bbox 892 709 1062 752; x_wconf 80' lang='lat' dir='ltr'>tribuam,</span> <span class='ocrx_word' id='word_1_75' title='bbox 1082 715 1262 743; x_wconf 85' lang='lat' dir='ltr'>mutatam</span> <span class='ocrx_word' id='word_1_76' title='bbox 1281 708 1429 754; x_wconf 84' lang='lat' dir='ltr'>quidem</span> <span class='ocrx_word' id='word_1_77' title='bbox 1448 710 1542 743; x_wconf 84' lang='lat' dir='ltr'>rela-</span> 
     </span>
     <span class='ocr_line' id='line_1_10' title="bbox 217 766 1541 812; baseline -0.001 -10"><span class='ocrx_word' id='word_1_78' title='bbox 217 768 280 802; x_wconf 91' lang='lat' dir='ltr'>tiui</span> <span class='ocrx_word' id='word_1_79' title='bbox 311 774 531 802; x_wconf 84' lang='lat' dir='ltr'>structuram</span> <span class='ocrx_word' id='word_1_80' title='bbox 560 768 593 802; x_wconf 89' lang='lat' dir='ltr'>in</span> <span class='ocrx_word' id='word_1_81' title='bbox 624 768 900 802; x_wconf 84' lang='lat' dir='ltr'>demonstratiui</span> <span class='ocrx_word' id='word_1_82' title='bbox 928 768 1034 802; x_wconf 84' lang='lat' dir='ltr'>facile</span> <span class='ocrx_word' id='word_1_83' title='bbox 1060 767 1193 812; x_wconf 85' lang='lat' dir='ltr'>largior</span> <span class='ocrx_word' id='word_1_84' title='bbox 1218 766 1441 809; x_wconf 77' lang='lat' dir='ltr'>Thomasi03</span> <span class='ocrx_word' id='word_1_85' title='bbox 1477 768 1541 801; x_wconf 90' lang='lat' dir='ltr'>sed</span> 
     </span>
     <span class='ocr_line' id='line_1_11' title="bbox 215 824 1543 871; baseline -0.002 -11"><span class='ocrx_word' id='word_1_86' title='bbox 215 826 406 871; x_wconf 84' lang='lat' dir='ltr'>perpensis</span> <span class='ocrx_word' id='word_1_87' title='bbox 441 826 532 860; x_wconf 90' lang='lat' dir='ltr'>inter</span> <span class='ocrx_word' id='word_1_88' title='bbox 562 838 600 861; x_wconf 93' lang='lat' dir='ltr'>se</span> <span class='ocrx_word' id='word_1_89' title='bbox 636 825 857 860; x_wconf 83' lang='lat' dir='ltr'>testimoniis</span> <span class='ocrx_word' id='word_1_90' title='bbox 892 825 1022 860; x_wconf 89' lang='lat' dir='ltr'>melius</span> <span class='ocrx_word' id='word_1_91' title='bbox 1056 825 1225 870; x_wconf 84' lang='lat' dir='ltr'>explicari</span> <span class='ocrx_word' id='word_1_92' title='bbox 1260 825 1368 859; x_wconf 88' lang='lat' dir='ltr'>credo</span> <span class='ocrx_word' id='word_1_93' title='bbox 1402 837 1479 859; x_wconf 85' lang='lat' dir='ltr'>rem</span> <span class='ocrx_word' id='word_1_94' title='bbox 1515 824 1543 859; x_wconf 84' lang='lat' dir='ltr'>si</span> 
     </span>
     <span class='ocr_line' id='line_1_12' title="bbox 215 882 1542 928; baseline 0 -12"><span class='ocrx_word' id='word_1_95' title='bbox 215 891 412 928; x_wconf 80' lang='lat' dir='ltr'>reponatur</span> <span class='ocrx_word' id='word_1_96' title='bbox 429 888 538 928; x_wconf 78' lang='lat' dir='ltr'>alque</span> <span class='ocrx_word' id='word_1_97' title='bbox 560 896 609 926; x_wconf 83' lang='lat' dir='ltr'>eo,</span> <span class='ocrx_word' id='word_1_98' title='bbox 630 895 712 918; x_wconf 90' lang='lat' dir='ltr'>cum</span> <span class='ocrx_word' id='word_1_99' title='bbox 736 888 848 927; x_wconf 80' lang='lat' dir='ltr'>atque</span> <span class='ocrx_word' id='word_1_100' title='bbox 866 883 911 917; x_wconf 88' lang='lat' dir='ltr'>sit</span> <span class='ocrx_word' id='word_1_101' title='bbox 931 883 966 917; x_wconf 90' lang='lat' dir='ltr'>in</span> <span class='ocrx_word' id='word_1_102' title='bbox 984 884 1028 926; x_wconf 82' lang='lat' dir='ltr'>P,</span> <span class='ocrx_word' id='word_1_103' title='bbox 1048 890 1134 917; x_wconf 87' lang='lat' dir='ltr'>ante</span> <span class='ocrx_word' id='word_1_104' title='bbox 1152 895 1246 928; x_wconf 77' lang='lat' dir='ltr'>quae</span> <span class='ocrx_word' id='word_1_105' title='bbox 1262 894 1300 916; x_wconf 78' lang='lat' dir='ltr'>eo</span> <span class='ocrx_word' id='word_1_106' title='bbox 1318 882 1417 928; x_wconf 89' lang='lat' dir='ltr'>quod</span> <span class='ocrx_word' id='word_1_107' title='bbox 1437 889 1491 916; x_wconf 87' lang='lat' dir='ltr'>est</span> <span class='ocrx_word' id='word_1_108' title='bbox 1506 882 1542 916; x_wconf 92' lang='lat' dir='ltr'>in</span> 
     </span>
     <span class='ocr_line' id='line_1_13' title="bbox 215 942 1545 988; baseline -0.002 -11"><span class='ocrx_word' id='word_1_109' title='bbox 215 944 263 986; x_wconf 78' lang='lat' dir='ltr'>A,</span> <span class='ocrx_word' id='word_1_110' title='bbox 284 947 341 977; x_wconf 69' lang='grc' dir='ltr'>-αί</span> <span class='ocrx_word' id='word_1_111' title='bbox 358 945 415 978; x_wconf 90' lang='lat' dir='ltr'>uel</span> <span class='ocrx_word' id='word_1_112' title='bbox 434 955 575 978; x_wconf 88' lang='lat' dir='ltr'>erasum</span> <span class='ocrx_word' id='word_1_113' title='bbox 598 944 654 977; x_wconf 89' lang='lat' dir='ltr'>uel</span> <span class='ocrx_word' id='word_1_114' title='bbox 681 950 828 988; x_wconf 89' lang='lat' dir='ltr'>propter</span> <span class='ocrx_word' id='word_1_115' title='bbox 853 942 1137 987; x_wconf 83' lang='lat' dir='ltr'>geminationem</span> <span class='ocrx_word' id='word_1_116' title='bbox 1156 943 1334 976; x_wconf 80' lang='lat' dir='ltr'>omissum</span> <span class='ocrx_word' id='word_1_117' title='bbox 1356 942 1545 983; x_wconf 73' lang='lat' dir='ltr'>(uoluerat</span> 
     </span>
     <span class='ocr_line' id='line_1_14' title="bbox 215 999 1542 1045; baseline -0.002 -10"><span class='ocrx_word' id='word_1_118' title='bbox 215 999 283 1045; x_wconf 89' lang='lat' dir='ltr'>[at]</span> <span class='ocrx_word' id='word_1_119' title='bbox 310 1013 403 1045; x_wconf 78' lang='lat' dir='ltr'>quae</span> <span class='ocrx_word' id='word_1_120' title='bbox 427 1001 479 1037; x_wconf 68' lang='lat' dir='ltr'>eol</span> <span class='ocrx_word' id='word_1_121' title='bbox 507 1000 683 1042; x_wconf 82' lang='lat' dir='ltr'>uideatur,</span> <span class='ocrx_word' id='word_1_122' title='bbox 702 1012 741 1033; x_wconf 82' lang='lat' dir='ltr'>eo</span> <span class='ocrx_word' id='word_1_123' title='bbox 766 1000 937 1045; x_wconf 86' lang='lat' dir='ltr'>denique,</span> <span class='ocrx_word' id='word_1_124' title='bbox 963 1000 998 1033; x_wconf 91' lang='lat' dir='ltr'>in</span> <span class='ocrx_word' id='word_1_125' title='bbox 1027 1000 1124 1044; x_wconf 86' lang='lat' dir='ltr'>quod</span> <span class='ocrx_word' id='word_1_126' title='bbox 1151 1006 1186 1034; x_wconf 90' lang='lat' dir='ltr'>et</span> <span class='ocrx_word' id='word_1_127' title='bbox 1213 999 1477 1034; x_wconf 86' lang='lat' dir='ltr'>Amerbachius</span> <span class='ocrx_word' id='word_1_128' title='bbox 1506 1005 1542 1033; x_wconf 89' lang='lat' dir='ltr'>et</span> 
     </span>
     <span class='ocr_line' id='line_1_15' title="bbox 218 1056 1541 1102; baseline -0.002 -10"><span class='ocrx_word' id='word_1_129' title='bbox 218 1060 332 1092; x_wconf 86' lang='lat' dir='ltr'>Burer</span> <span class='ocrx_word' id='word_1_130' title='bbox 361 1058 582 1102; x_wconf 83' lang='lat' dir='ltr'>conspirant,</span> <span class='ocrx_word' id='word_1_131' title='bbox 615 1058 674 1091; x_wconf 82' lang='lat' dir='ltr'>uix</span> <span class='ocrx_word' id='word_1_132' title='bbox 702 1058 808 1091; x_wconf 82' lang='lat' dir='ltr'>cadat</span> <span class='ocrx_word' id='word_1_133' title='bbox 839 1057 875 1090; x_wconf 89' lang='lat' dir='ltr'>in</span> <span class='ocrx_word' id='word_1_134' title='bbox 902 1057 1179 1099; x_wconf 82' lang='lat' dir='ltr'>dubitationem,</span> <span class='ocrx_word' id='word_1_135' title='bbox 1206 1064 1332 1101; x_wconf 81' lang='lat' dir='ltr'>utpote</span> <span class='ocrx_word' id='word_1_136' title='bbox 1360 1056 1438 1090; x_wconf 90' lang='lat' dir='ltr'>sine</span> <span class='ocrx_word' id='word_1_137' title='bbox 1468 1067 1541 1101; x_wconf 85' lang='lat' dir='ltr'>quo</span> 
     </span>
     <span class='ocr_line' id='line_1_16' title="bbox 214 1114 1545 1159; baseline -0.001 -10"><span class='ocrx_word' id='word_1_138' title='bbox 214 1115 396 1150; x_wconf 78' lang='lat' dir='ltr'>inhibitus</span> <span class='ocrx_word' id='word_1_139' title='bbox 419 1115 620 1149; x_wconf 82' lang='lat' dir='ltr'>ablatiuum</span> <span class='ocrx_word' id='word_1_140' title='bbox 646 1127 751 1149; x_wconf 94' lang='lat' dir='ltr'>suum</span> <span class='ocrx_word' id='word_1_141' title='bbox 783 1126 891 1159; x_wconf 90' lang='lat' dir='ltr'>quem</span> <span class='ocrx_word' id='word_1_142' title='bbox 919 1115 967 1149; x_wconf 86' lang='lat' dir='ltr'>ad</span> <span class='ocrx_word' id='word_1_143' title='bbox 994 1115 1200 1159; x_wconf 81' lang='lat' dir='ltr'>exemplum</span> <span class='ocrx_word' id='word_1_144' title='bbox 1227 1114 1328 1149; x_wconf 88' lang='lat' dir='ltr'>uerbi</span> <span class='ocrx_word' id='word_1_145' title='bbox 1349 1114 1545 1159; x_wconf 69' lang='lat' dir='ltr'>prohibere</span> 
     </span>
     <span class='ocr_line' id='line_1_17' title="bbox 215 1171 619 1218; baseline -0.002 -11"><span class='ocrx_word' id='word_1_146' title='bbox 215 1174 380 1218; x_wconf 84' lang='lat' dir='ltr'>sumpsit,</span> <span class='ocrx_word' id='word_1_147' title='bbox 399 1173 582 1208; x_wconf 87' lang='lat' dir='ltr'>desideret</span> <span class='ocrx_word' id='word_1_148' title='bbox 597 1171 619 1206; x_wconf 81' lang='lat'>¹.</span> 
     </span>
    </p>

    <p class='ocr_par' dir='ltr' id='par_1_4' title="bbox 214 1230 1545 1440">
     <span class='ocr_line' id='line_1_18' title="bbox 261 1230 1544 1276; baseline -0.001 -10"><span class='ocrx_word' id='word_1_149' title='bbox 261 1242 328 1276; x_wconf 90' lang='lat'>107</span> <span class='ocrx_word' id='word_1_150' title='bbox 349 1242 361 1265; x_wconf 84' lang='grc' dir='ltr'>Ι</span> <span class='ocrx_word' id='word_1_151' title='bbox 393 1244 475 1266; x_wconf 90' lang='lat' dir='ltr'>cum</span> <span class='ocrx_word' id='word_1_152' title='bbox 502 1231 704 1265; x_wconf 87' lang='lat' dir='ltr'>citeriorem</span> <span class='ocrx_word' id='word_1_153' title='bbox 735 1230 851 1275; x_wconf 87' lang='lat' dir='ltr'>ripam</span> <span class='ocrx_word' id='word_1_154' title='bbox 880 1230 1056 1276; x_wconf 85' lang='lat' dir='ltr'>praedicti</span> <span class='ocrx_word' id='word_1_155' title='bbox 1084 1230 1243 1265; x_wconf 88' lang='lat' dir='ltr'>fluminis</span> <span class='ocrx_word' id='word_1_156' title='bbox 1274 1231 1403 1265; x_wconf 88' lang='lat' dir='ltr'>castris</span> <span class='ocrx_word' id='word_1_157' title='bbox 1435 1243 1544 1265; x_wconf 89' lang='lat' dir='ltr'>occu-</span> 
     </span>
     <span class='ocr_line' id='line_1_19' title="bbox 215 1289 1545 1334; baseline -0.001 -10"><span class='ocrx_word' id='word_1_158' title='bbox 215 1301 408 1334; x_wconf 86' lang='lat' dir='ltr'>passemus</span> <span class='ocrx_word' id='word_1_159' title='bbox 428 1296 462 1324; x_wconf 92' lang='lat' dir='ltr'>et</span> <span class='ocrx_word' id='word_1_160' title='bbox 481 1289 650 1323; x_wconf 76' lang='lat' dir='ltr'>ulteriora</span> <span class='ocrx_word' id='word_1_161' title='bbox 667 1289 830 1331; x_wconf 89' lang='lat' dir='ltr'>(ulterior</span> <span class='ocrx_word' id='word_1_162' title='bbox 844 1290 891 1332; x_wconf 86' lang='lat' dir='ltr'>P)</span> <span class='ocrx_word' id='word_1_163' title='bbox 908 1296 1050 1323; x_wconf 82' lang='lat' dir='ltr'>armata</span> <span class='ocrx_word' id='word_1_164' title='bbox 1065 1289 1225 1323; x_wconf 88' lang='lat' dir='ltr'>hostium</span> <span class='ocrx_word' id='word_1_165' title='bbox 1241 1289 1373 1323; x_wconf 84' lang='lat' dir='ltr'>uirtute</span> <span class='ocrx_word' id='word_1_166' title='bbox 1387 1289 1545 1333; x_wconf 84' lang='lat' dir='ltr'>fulgeret</span> 
     </span>
     <span class='ocr_line' id='line_1_20' title="bbox 215 1347 1544 1392; baseline -0.001 -10"><span class='ocrx_word' id='word_1_167' title='bbox 215 1349 282 1382; x_wconf 90' lang='lat' dir='ltr'>sub</span> <span class='ocrx_word' id='word_1_168' title='bbox 310 1359 456 1382; x_wconf 87' lang='lat' dir='ltr'>ornnem</span> <span class='ocrx_word' id='word_1_169' title='bbox 488 1354 701 1392; x_wconf 85' lang='lat' dir='ltr'>motumque</span> <span class='ocrx_word' id='word_1_170' title='bbox 731 1354 938 1382; x_wconf 88' lang='lat' dir='ltr'>nostrarum</span> <span class='ocrx_word' id='word_1_171' title='bbox 981 1347 1130 1381; x_wconf 86' lang='lat' dir='ltr'>nauium</span> <span class='ocrx_word' id='word_1_172' title='bbox 1161 1347 1325 1392; x_wconf 86' lang='lat' dir='ltr'>protinus</span> <span class='ocrx_word' id='word_1_173' title='bbox 1364 1347 1544 1391; x_wconf 85' lang='lat' dir='ltr'>refugien-</span> 
     </span>
     <span class='ocr_line' id='line_1_21' title="bbox 214 1405 389 1440; baseline 0.006 -1"><span class='ocrx_word' id='word_1_174' title='bbox 214 1405 316 1440; x_wconf 89' lang='lat' dir='ltr'>tium.</span> <span class='ocrx_word' id='word_1_175' title='bbox 339 1407 389 1440; x_wconf 83' lang='lat' dir='ltr'>A.</span> 
     </span>
    </p>

    <p class='ocr_par' dir='ltr' id='par_1_5' title="bbox 215 1463 1543 1626">
     <span class='ocr_line' id='line_1_22' title="bbox 263 1463 1542 1508; baseline 0 -11"><span class='ocrx_word' id='word_1_176' title='bbox 263 1463 448 1498; x_wconf 84' lang='lat' dir='ltr'>iuuentute</span> <span class='ocrx_word' id='word_1_177' title='bbox 466 1464 508 1497; x_wconf 82' lang='lat' dir='ltr'>P.</span> <span class='ocrx_word' id='word_1_178' title='bbox 606 1470 745 1498; x_wconf 87' lang='lat' dir='ltr'>motum</span> <span class='ocrx_word' id='word_1_179' title='bbox 769 1464 815 1506; x_wconf 84' lang='lat' dir='ltr'>P,</span> <span class='ocrx_word' id='word_1_180' title='bbox 849 1464 913 1498; x_wconf 87' lang='lat' dir='ltr'>sed</span> <span class='ocrx_word' id='word_1_181' title='bbox 942 1465 1057 1498; x_wconf 88' lang='lat' dir='ltr'>Burer</span> <span class='ocrx_word' id='word_1_182' title='bbox 1087 1463 1328 1508; x_wconf 82' lang='lat' dir='ltr'>‘Exemplum</span> <span class='ocrx_word' id='word_1_183' title='bbox 1359 1470 1542 1498; x_wconf 89' lang='lat' dir='ltr'>uetustum</span> 
     </span>
     <span class='ocr_line' id='line_1_23' title="bbox 215 1522 1543 1567; baseline -0.002 -9"><span class='ocrx_word' id='word_1_184' title='bbox 215 1524 337 1564; x_wconf 90' lang='lat' dir='ltr'>habet,</span> <span class='ocrx_word' id='word_1_185' title='bbox 354 1524 420 1557; x_wconf 88' lang='lat' dir='ltr'>sub</span> <span class='ocrx_word' id='word_1_186' title='bbox 435 1535 581 1557; x_wconf 89' lang='lat' dir='ltr'>omnem</span> <span class='ocrx_word' id='word_1_187' title='bbox 596 1530 771 1567; x_wconf 86' lang='lat' dir='ltr'>metumq.</span> <span class='ocrx_word' id='word_1_188' title='bbox 787 1522 865 1563; x_wconf 80' lang='lat' dir='ltr'>(sic)</span> <span class='ocrx_word' id='word_1_189' title='bbox 880 1530 1088 1557; x_wconf 84' lang='lat' dir='ltr'>nostrarum</span> <span class='ocrx_word' id='word_1_190' title='bbox 1101 1522 1260 1556; x_wconf 83' lang='lat' dir='ltr'>nauium.</span> <span class='ocrx_word' id='word_1_191' title='bbox 1288 1522 1381 1556; x_wconf 88' lang='lat' dir='ltr'>inter</span> <span class='ocrx_word' id='word_1_192' title='bbox 1395 1533 1543 1556; x_wconf 90' lang='lat' dir='ltr'>omnem</span> 
     </span>
     <span class='ocr_line' id='line_1_24' title="bbox 215 1581 919 1626; baseline -0.001 -11"><span class='ocrx_word' id='word_1_193' title='bbox 215 1588 391 1626; x_wconf 89' lang='lat' dir='ltr'>motumq.</span> <span class='ocrx_word' id='word_1_194' title='bbox 411 1581 587 1626; x_wconf 80' lang='lat' dir='ltr'>quiddam</span> <span class='ocrx_word' id='word_1_195' title='bbox 607 1581 736 1615; x_wconf 87' lang='lat' dir='ltr'>deesse</span> <span class='ocrx_word' id='word_1_196' title='bbox 756 1581 919 1615; x_wconf 66' lang='lat' dir='ltr'>uidetur!</span> 
     </span>
    </p>

    <p class='ocr_par' dir='ltr' id='par_1_6' title="bbox 215 1637 1549 2204">
     <span class='ocr_line' id='line_1_25' title="bbox 263 1637 1543 1682; baseline -0.001 -10"><span class='ocrx_word' id='word_1_197' title='bbox 263 1638 495 1682; x_wconf 83' lang='lat' dir='ltr'>Comparatis</span> <span class='ocrx_word' id='word_1_198' title='bbox 522 1638 758 1672; x_wconf 82' lang='lat' dir='ltr'>Amerbachii</span> <span class='ocrx_word' id='word_1_199' title='bbox 788 1644 824 1672; x_wconf 91' lang='lat' dir='ltr'>et</span> <span class='ocrx_word' id='word_1_200' title='bbox 853 1638 980 1672; x_wconf 85' lang='lat' dir='ltr'>Bureri</span> <span class='ocrx_word' id='word_1_201' title='bbox 1012 1637 1230 1672; x_wconf 87' lang='lat' dir='ltr'>lectionibus</span> <span class='ocrx_word' id='word_1_202' title='bbox 1256 1642 1442 1682; x_wconf 82' lang='lat' dir='ltr'>molumq.‚</span> <span class='ocrx_word' id='word_1_203' title='bbox 1470 1649 1543 1671; x_wconf 90' lang='lat' dir='ltr'>non</span> 
     </span>
     <span class='ocr_line' id='line_1_26' title="bbox 216 1697 1544 1742; baseline -0.002 -10"><span class='ocrx_word' id='word_1_204' title='bbox 216 1705 386 1742; x_wconf 79' lang='lat' dir='ltr'>metumq.</span> <span class='ocrx_word' id='word_1_205' title='bbox 413 1709 482 1732; x_wconf 90' lang='lat' dir='ltr'>nec</span> <span class='ocrx_word' id='word_1_206' title='bbox 522 1702 670 1740; x_wconf 76' lang='lat' dir='ltr'>molum,</span> <span class='ocrx_word' id='word_1_207' title='bbox 707 1697 835 1741; x_wconf 85' lang='lat' dir='ltr'>colligo</span> <span class='ocrx_word' id='word_1_208' title='bbox 870 1697 902 1731; x_wconf 88' lang='lat' dir='ltr'>in</span> <span class='ocrx_word' id='word_1_209' title='bbox 946 1697 1184 1732; x_wconf 85' lang='lat' dir='ltr'>Murbacensi</span> <span class='ocrx_word' id='word_1_210' title='bbox 1222 1697 1346 1732; x_wconf 84' lang='lat' dir='ltr'>fuisse.</span> <span class='ocrx_word' id='word_1_211' title='bbox 1397 1697 1544 1731; x_wconf 85' lang='lat' dir='ltr'>Excidit</span> 
     </span>
     <span class='ocr_line' id='line_1_27' title="bbox 216 1755 1542 1802; baseline -0.002 -11"><span class='ocrx_word' id='word_1_212' title='bbox 216 1757 324 1802; x_wconf 85' lang='lat' dir='ltr'>igitur</span> <span class='ocrx_word' id='word_1_213' title='bbox 341 1764 402 1791; x_wconf 88' lang='lat' dir='ltr'>aut</span> <span class='ocrx_word' id='word_1_214' title='bbox 422 1758 639 1791; x_wconf 89' lang='lat' dir='ltr'>uocabulum</span> <span class='ocrx_word' id='word_1_215' title='bbox 658 1763 720 1791; x_wconf 86' lang='lat' dir='ltr'>aut</span> <span class='ocrx_word' id='word_1_216' title='bbox 739 1769 824 1801; x_wconf 86' lang='lat' dir='ltr'>pars</span> <span class='ocrx_word' id='word_1_217' title='bbox 844 1757 1024 1791; x_wconf 85' lang='lat' dir='ltr'>uocabuli.</span> <span class='ocrx_word' id='word_1_218' title='bbox 1074 1756 1242 1790; x_wconf 88' lang='lat' dir='ltr'>Aliorum</span> <span class='ocrx_word' id='word_1_219' title='bbox 1261 1756 1488 1790; x_wconf 86' lang='lat' dir='ltr'>coniecturas</span> <span class='ocrx_word' id='word_1_220' title='bbox 1508 1755 1542 1789; x_wconf 91' lang='lat' dir='ltr'>in</span> 
     </span>
     <span class='ocr_line' id='line_1_28' title="bbox 216 1814 1542 1860; baseline -0.001 -11"><span class='ocrx_word' id='word_1_221' title='bbox 216 1827 299 1860; x_wconf 83' lang='lat' dir='ltr'>app.</span> <span class='ocrx_word' id='word_1_222' title='bbox 319 1815 394 1849; x_wconf 87' lang='lat' dir='ltr'>crit.</span> <span class='ocrx_word' id='word_1_223' title='bbox 415 1816 516 1849; x_wconf 87' lang='lat' dir='ltr'>attuli</span> <span class='ocrx_word' id='word_1_224' title='bbox 534 1828 540 1849; x_wconf 91' lang='lat'>:</span> <span class='ocrx_word' id='word_1_225' title='bbox 568 1815 657 1849; x_wconf 90' lang='lat' dir='ltr'>mihi</span> <span class='ocrx_word' id='word_1_226' title='bbox 674 1815 843 1849; x_wconf 91' lang='lat' dir='ltr'>uidentur</span> <span class='ocrx_word' id='word_1_227' title='bbox 862 1822 943 1860; x_wconf 84' lang='lat' dir='ltr'>post</span> <span class='ocrx_word' id='word_1_228' title='bbox 957 1826 1098 1849; x_wconf 76' lang='lat' dir='ltr'>omnem</span> <span class='ocrx_word' id='word_1_229' title='bbox 1117 1814 1270 1859; x_wconf 89' lang='lat' dir='ltr'>periisse</span> <span class='ocrx_word' id='word_1_230' title='bbox 1289 1821 1361 1848; x_wconf 90' lang='lat' dir='ltr'>tres</span> <span class='ocrx_word' id='word_1_231' title='bbox 1380 1814 1542 1858; x_wconf 83' lang='lat' dir='ltr'>syllabae</span> 
     </span>
     <span class='ocr_line' id='line_1_29' title="bbox 216 1871 1548 1918; baseline -0.001 -11"><span class='ocrx_word' id='word_1_232' title='bbox 216 1873 383 1907; x_wconf 85' lang='lat' dir='ltr'>uocabuli</span> <span class='ocrx_word' id='word_1_233' title='bbox 410 1873 507 1918; x_wconf 88' lang='lat' dir='ltr'>quod</span> <span class='ocrx_word' id='word_1_234' title='bbox 534 1880 588 1907; x_wconf 89' lang='lat' dir='ltr'>est</span> <span class='ocrx_word' id='word_1_235' title='bbox 619 1873 880 1917; x_wconf 77' lang='lat' dir='ltr'>undecumque.</span> <span class='ocrx_word' id='word_1_236' title='bbox 940 1873 1064 1907; x_wconf 88' lang='lat' dir='ltr'>Verba</span> <span class='ocrx_word' id='word_1_237' title='bbox 1097 1871 1149 1906; x_wconf 89' lang='lat' dir='ltr'>sic</span> <span class='ocrx_word' id='word_1_238' title='bbox 1183 1872 1360 1906; x_wconf 87' lang='lat' dir='ltr'>struenda</span> <span class='ocrx_word' id='word_1_239' title='bbox 1395 1878 1479 1906; x_wconf 90' lang='lat' dir='ltr'>sunt</span> <span class='ocrx_word' id='word_1_240' title='bbox 1512 1875 1548 1905; x_wconf 82' lang='lat' dir='ltr'>et</span> 
     </span>
     <span class='ocr_line' id='line_1_30' title="bbox 217 1929 1544 1976; baseline -0.001 -12"><span class='ocrx_word' id='word_1_241' title='bbox 217 1931 374 1965; x_wconf 73' lang='lat' dir='ltr'>ulterior</span> <span class='ocrx_word' id='word_1_242' title='bbox 400 1930 693 1976; x_wconf 54' lang='lat' dir='ltr'>(rzffia)fic4„ffe71et</span> <span class='ocrx_word' id='word_1_243' title='bbox 715 1943 747 1964; x_wconf 82' lang='lat' dir='ltr'>a.</span> <span class='ocrx_word' id='word_1_244' title='bbox 775 1932 916 1964; x_wconf 73' lang='lat' dir='ltr'>uirtute</span> <span class='ocrx_word' id='word_1_245' title='bbox 946 1931 1029 1972; x_wconf 88' lang='lat' dir='ltr'>(hoc</span> <span class='ocrx_word' id='word_1_246' title='bbox 1057 1929 1153 1964; x_wconf 87' lang='lat' dir='ltr'>enirn</span> <span class='ocrx_word' id='word_1_247' title='bbox 1178 1930 1344 1974; x_wconf 86' lang='lat' dir='ltr'>praefero</span> <span class='ocrx_word' id='word_1_248' title='bbox 1371 1929 1469 1974; x_wconf 87' lang='lat' dir='ltr'>quod</span> <span class='ocrx_word' id='word_1_249' title='bbox 1494 1929 1544 1971; x_wconf 84' lang='lat' dir='ltr'>A,</span> 
     </span>
     <span class='ocr_line' id='line_1_31' title="bbox 217 1987 1547 2034; baseline -0.002 -12"><span class='ocrx_word' id='word_1_250' title='bbox 217 2000 290 2022; x_wconf 92' lang='lat' dir='ltr'>non</span> <span class='ocrx_word' id='word_1_251' title='bbox 307 1991 500 2022; x_wconf 77' lang='lat' dir='ltr'>z&#39;uueulule</span> <span class='ocrx_word' id='word_1_252' title='bbox 515 1989 612 2033; x_wconf 89' lang='lat' dir='ltr'>quod</span> <span class='ocrx_word' id='word_1_253' title='bbox 626 1989 661 2022; x_wconf 82' lang='lat' dir='ltr'><em>P</em></span> <span class='ocrx_word' id='word_1_254' title='bbox 679 1987 794 2027; x_wconf 75' lang='lat' dir='ltr'>dedit)</span> <span class='ocrx_word' id='word_1_255' title='bbox 813 1988 971 2022; x_wconf 73' lang='lat' dir='ltr'>hostium</span> <span class='ocrx_word' id='word_1_256' title='bbox 990 1989 1256 2034; x_wconf 70' lang='lat' dir='ltr'>refugientium</span> <span class='ocrx_word' id='word_1_257' title='bbox 1276 1989 1456 2032; x_wconf 68' lang='lat' dir='ltr'>protinus</span> <span class='ocrx_word' id='word_1_258' title='bbox 1481 1988 1547 2021; x_wconf 80' lang='lat' dir='ltr'>sub</span> 
     </span>
     <span class='ocr_line' id='line_1_32' title="bbox 217 2044 1545 2091; baseline -0.002 -11"><span class='ocrx_word' id='word_1_259' title='bbox 217 2058 357 2080; x_wconf 79' lang='lat' dir='ltr'>omnem</span> <span class='ocrx_word' id='word_1_260' title='bbox 376 2051 590 2080; x_wconf 71' lang='lat' dir='ltr'>nostrarum</span> <span class='ocrx_word' id='word_1_261' title='bbox 609 2049 765 2080; x_wconf 78' lang='lat' dir='ltr'>nauium</span> <span class='ocrx_word' id='word_1_262' title='bbox 784 2047 1035 2091; x_wconf 80' lang='lat' dir='ltr'>undecumque</span> <span class='ocrx_word' id='word_1_263' title='bbox 1051 2050 1201 2080; x_wconf 75' lang='lat' dir='ltr'>motum.</span> <span class='ocrx_word' id='word_1_264' title='bbox 1254 2046 1396 2079; x_wconf 88' lang='lat' dir='ltr'>Seneca</span> <span class='ocrx_word' id='word_1_265' title='bbox 1415 2046 1460 2079; x_wconf 86' lang='lat' dir='ltr'>de</span> <span class='ocrx_word' id='word_1_266' title='bbox 1473 2046 1506 2079; x_wconf 87' lang='lat' dir='ltr'>V</span> <span class='ocrx_word' id='word_1_267' title='bbox 1510 2044 1545 2078; x_wconf 92' lang='lat' dir='ltr'>it.</span> 
     </span>
     <span class='ocr_line' id='line_1_33' title="bbox 220 2104 1549 2150; baseline -0.002 -12"><span class='ocrx_word' id='word_1_268' title='bbox 220 2106 322 2139; x_wconf 87' lang='lat' dir='ltr'>Beat.</span> <span class='ocrx_word' id='word_1_269' title='bbox 348 2114 391 2147; x_wconf 87' lang='lat'>27</span> <span class='ocrx_word' id='word_1_270' title='bbox 416 2106 532 2149; x_wconf 74' lang='lat' dir='ltr'>rupis,</span> <span class='ocrx_word' id='word_1_271' title='bbox 561 2116 672 2149; x_wconf 84' lang='lat' dir='ltr'>quam</span> <span class='ocrx_word' id='word_1_272' title='bbox 691 2105 837 2150; x_wconf 78' lang='lat' dir='ltr'>fluclus</span> <span class='ocrx_word' id='word_1_273' title='bbox 864 2117 936 2139; x_wconf 78' lang='lat' dir='ltr'>non</span> <span class='ocrx_word' id='word_1_274' title='bbox 970 2105 1154 2146; x_wconf 81' lang='lat' dir='ltr'>desinunt,</span> <span class='ocrx_word' id='word_1_275' title='bbox 1180 2104 1430 2147; x_wconf 78' lang='lat' dir='ltr'>undecumque</span> <span class='ocrx_word' id='word_1_276' title='bbox 1456 2104 1549 2137; x_wconf 70' lang='lat' dir='ltr'>moti</span> 
     </span>
     <span class='ocr_line' id='line_1_34' title="bbox 215 2163 534 2204; baseline 0 -8"><span class='ocrx_word' id='word_1_277' title='bbox 215 2167 312 2204; x_wconf 74' lang='lat' dir='ltr'>sunt,</span> <span class='ocrx_word' id='word_1_278' title='bbox 334 2163 534 2196; x_wconf 77' lang='lat' dir='ltr'>uerberare.</span> 
     </span>
    </p>

    <p class='ocr_par' dir='ltr' id='par_1_7' title="bbox 263 2218 1545 2265">
     <span class='ocr_line' id='line_1_35' title="bbox 263 2218 1545 2265; baseline -0.002 -10"><span class='ocrx_word' id='word_1_279' title='bbox 263 2223 332 2256; x_wconf 92' lang='lat'>108</span> <span class='ocrx_word' id='word_1_280' title='bbox 355 2230 368 2254; x_wconf 93' lang='lat'>1</span> <span class='ocrx_word' id='word_1_281' title='bbox 399 2232 491 2265; x_wconf 84' lang='lat' dir='ltr'>quae</span> <span class='ocrx_word' id='word_1_282' title='bbox 519 2221 623 2265; x_wconf 80' lang='lat' dir='ltr'>(gens</span> <span class='ocrx_word' id='word_1_283' title='bbox 651 2219 1018 2265; x_wconf 83' lang='lat' dir='ltr'>Marcomannorum)</span> <span class='ocrx_word' id='word_1_284' title='bbox 1049 2219 1282 2254; x_wconf 87' lang='lat' dir='ltr'>Maraboduo</span> <span class='ocrx_word' id='word_1_285' title='bbox 1308 2219 1399 2253; x_wconf 92' lang='lat' dir='ltr'>duce</span> <span class='ocrx_word' id='word_1_286' title='bbox 1426 2218 1545 2253; x_wconf 84' lang='lat' dir='ltr'>excita</span> 
     </span>
    </p>
   </div>
   <div class='ocr_carea' id='block_1_3' title="bbox 216 2343 1548 2490">
    <p class='ocr_par' dir='ltr' id='par_1_8' title="bbox 216 2343 1548 2490">
     <span class='ocr_line' id='line_1_36' title="bbox 260 2343 1546 2385; baseline -0.003 -9"><span class='ocrx_word' id='word_1_287' title='bbox 260 2345 270 2362; x_wconf 87' lang='lat'>¹</span> <span class='ocrx_word' id='word_1_288' title='bbox 297 2346 334 2376; x_wconf 83' lang='lat' dir='ltr'>In</span> <span class='ocrx_word' id='word_1_289' title='bbox 353 2345 475 2376; x_wconf 84' lang='lat' dir='ltr'>Catulli</span> <span class='ocrx_word' id='word_1_290' title='bbox 493 2356 592 2376; x_wconf 87' lang='lat' dir='ltr'>uersu</span> <span class='ocrx_word' id='word_1_291' title='bbox 617 2346 682 2378; x_wconf 85' lang='lat' dir='ltr'>xci.</span> <span class='ocrx_word' id='word_1_292' title='bbox 701 2357 720 2385; x_wconf 86' lang='lat'>4</span> <span class='ocrx_word' id='word_1_293' title='bbox 743 2349 802 2376; x_wconf 80' lang='lat' dir='ltr'>aut</span> <span class='ocrx_word' id='word_1_294' title='bbox 813 2350 905 2385; x_wconf 79' lang='lat' dir='ltr'>posse</span> <span class='ocrx_word' id='word_1_295' title='bbox 927 2349 987 2376; x_wconf 79' lang='lat' dir='ltr'>cml</span> <span class='ocrx_word' id='word_1_296' title='bbox 1009 2346 1099 2385; x_wconf 74' lang='lat' dir='ltr'>turpi</span> <span class='ocrx_word' id='word_1_297' title='bbox 1120 2349 1258 2375; x_wconf 73' lang='lat' dir='ltr'>mentem</span> <span class='ocrx_word' id='word_1_298' title='bbox 1284 2344 1418 2374; x_wconf 74' lang='lat' dir='ltr'>inhibere</span> <span class='ocrx_word' id='word_1_299' title='bbox 1429 2343 1546 2383; x_wconf 80' lang='lat' dir='ltr'>probro</span> 
     </span>
     <span class='ocr_line' id='line_1_37' title="bbox 218 2395 1548 2438; baseline -0.003 -10"><span class='ocrx_word' id='word_1_300' title='bbox 218 2398 333 2428; x_wconf 88' lang='lat' dir='ltr'>nescio</span> <span class='ocrx_word' id='word_1_301' title='bbox 353 2408 394 2428; x_wconf 87' lang='lat' dir='ltr'>an</span> <span class='ocrx_word' id='word_1_302' title='bbox 419 2398 654 2437; x_wconf 87' lang='lat' dir='ltr'>corrigendum</span> <span class='ocrx_word' id='word_1_303' title='bbox 678 2398 721 2429; x_wconf 87' lang='lat' dir='ltr'>sit</span> <span class='ocrx_word' id='word_1_304' title='bbox 737 2397 837 2428; x_wconf 84' lang='lat' dir='ltr'>Posse</span> <span class='ocrx_word' id='word_1_305' title='bbox 858 2402 967 2428; x_wconf 80' lang='lat' dir='ltr'>aulem</span> <span class='ocrx_word' id='word_1_306' title='bbox 995 2398 1089 2438; x_wconf 63' lang='lat' dir='ltr'>lm&#39;pi,</span> <span class='ocrx_word' id='word_1_307' title='bbox 1109 2397 1223 2436; x_wconf 83' lang='lat' dir='ltr'>potius</span> <span class='ocrx_word' id='word_1_308' title='bbox 1247 2407 1344 2436; x_wconf 89' lang='lat' dir='ltr'>quam</span> <span class='ocrx_word' id='word_1_309' title='bbox 1362 2395 1437 2425; x_wconf 78' lang='lat' dir='ltr'>Aut</span> <span class='ocrx_word' id='word_1_310' title='bbox 1453 2401 1548 2435; x_wconf 81' lang='lat' dir='ltr'>posse</span> 
     </span>
     <span class='ocr_line' id='line_1_38' title="bbox 216 2450 346 2490; baseline 0 -11"><span class='ocrx_word' id='word_1_311' title='bbox 216 2460 236 2480; x_wconf 83' lang='lat' dir='ltr'><strong><em>a</em></strong></span> <span class='ocrx_word' id='word_1_312' title='bbox 253 2450 346 2490; x_wconf 78' lang='lat' dir='ltr'>turpi.</span> 
     </span>
    </p>
   </div>
   <div class='ocr_carea' id='block_1_4' title="bbox 853 2521 912 2553">
    <p class='ocr_par' dir='ltr' id='par_1_9' title="bbox 853 2521 912 2553">
     <span class='ocr_line' id='line_1_39' title="bbox 853 2521 912 2553; baseline 0.017 -1"><span class='ocrx_word' id='word_1_313' title='bbox 853 2521 912 2553; x_wconf 81' lang='lat'>175</span> 
     </span>
    </p>
   </div>
  </div>
 </body>
</html>
