1799 2864
655 235 860 273 VELLEI
891 233 1209 272 PATERCVLI

276 357 368 383 nam
395 344 504 394 quod
530 350 667 394 pactae
701 341 784 381 eius
814 340 987 380 Menelai
1013 348 1131 390 atque
1156 341 1337 379 Helenae
1369 339 1471 378 filiae
1501 341 1600 378 Her-

236 428 256 456 4
278 409 430 448 miones
459 408 614 459 nuptias
643 414 916 458 occupauerat,
949 405 1114 456 Delphis
1148 419 1238 444 eum
1273 404 1474 443 interfecit.
1532 418 1601 454 per

278 476 375 513 haec
404 482 582 524 tempora
611 474 744 523 Lydus
773 480 811 510 et
837 473 1062 521 Tyrrhenus
1096 472 1229 509 fratres
1269 484 1359 508 cum
1397 479 1600 520 regnarent

278 539 317 577 in
348 539 483 589 Lydia,
506 538 704 577 sterilitate
729 538 884 586 frugum
911 535 1105 585 compulsi
1131 535 1254 574 sortiti
1281 543 1371 573 sunt
1400 543 1485 573 uter
1511 547 1600 572 cum

276 612 384 654 parte
418 602 679 642 multitudinis
706 601 830 652 patria
856 602 1074 640 decederet.
1134 613 1215 638 sors
1244 601 1491 649 Tyrrhenum
1512 612 1602 637 con·
1623 616 1637 645 5

279 669 388 719 tigit:
418 676 624 719 peruectus
652 668 691 706 in
714 667 868 705 Italiam
893 674 931 705 et
957 668 1046 705 loco
1067 673 1105 704 et
1129 665 1267 704 incolis
1291 674 1329 704 et
1350 666 1446 704 mari
1469 666 1602 704 nobile

277 747 323 772 ac
342 741 576 783 perpetuum
596 746 619 770 a
639 745 680 770 se
704 744 851 769 nomen
871 730 991 769 dedit.
1049 737 1138 779 post
1160 729 1308 769 Orestis
1323 729 1521 768 interitum
1536 730 1601 767 filii

279 797 360 836 eius
386 796 590 835 Penthilus
617 803 655 834 et
679 795 915 834 Tisamenus
941 807 1154 844 regnauere
1180 793 1359 832 triennio.

332 863 436 899 Tum
453 862 532 899 fere
547 873 653 898 anno
669 858 912 909 octogesimo
927 866 1017 908 post
1030 858 1190 896 Troiam
1206 866 1373 908 captam,
1388 859 1603 897 centesimo

278 932 315 964 et
348 924 539 963 uicesimo
577 937 696 973 quam
732 924 927 962 Hercules
964 923 1015 961 ad
1054 923 1150 961 deos
1184 929 1410 969 excesserat,
1447 923 1604 972 Pelopis
1629 939 1663 960 10

277 988 494 1039 progenies,
517 1001 618 1038 quae
647 987 757 1026 omni
786 988 863 1026 hoc
891 994 1069 1036 ternpore
1097 986 1219 1036 pulsis
1245 987 1468 1026 Heraclidis
1496 989 1605 1026 Pelo-

277 1054 445 1104 ponnesi
457 1053 665 1103 imperium
679 1052 912 1100 obtinuerat,
927 1053 978 1091 ab
993 1052 1178 1091 Herculis
1191 1052 1377 1102 progenie
1390 1053 1602 1102 expellitur.

279 1121 400 1158 duces
438 1118 696 1169 recuperandi
739 1117 878 1168 imperi
917 1119 1025 1156 fuere
1069 1119 1282 1165 Temenus,
1324 1119 1603 1168 Cresphontes,

278 1184 563 1231 Aristodemus,
586 1197 755 1233 quorum
780 1183 931 1222 abauus
957 1184 1091 1222 fuerat.
1150 1184 1291 1221 eodem
1321 1184 1400 1222 fere
1429 1190 1606 1233 tempore

279 1250 460 1287 Athenae
489 1249 563 1287 sub
592 1248 748 1298 regibus
782 1261 867 1287 esse
901 1247 1112 1294 desierunt,
1147 1261 1313 1297 quarum
1347 1248 1507 1286 ultimus
1542 1262 1606 1286 rex
1630 1263 1664 1292 15

277 1313 349 1352 fuit
370 1314 537 1360 Codrus,
561 1312 757 1351 Melanthi
777 1312 890 1360 filius,
912 1312 972 1351 uir
991 1326 1072 1352 non
1092 1314 1409 1363 praetereundus.
1460 1312 1606 1362 quippe

278 1392 369 1417 cum
399 1378 706 1417 Lacedaemonii
738 1377 847 1428 graui
879 1378 984 1417 bello
1014 1377 1167 1417 Atticos
1200 1385 1422 1428 premerent
1452 1391 1608 1427 respon-

279 1443 480 1494 dissetque
501 1443 675 1493 Pythius,
698 1456 866 1493 quorum
894 1444 973 1481 dux
999 1443 1049 1481 ab
1079 1444 1192 1482 hoste
1221 1451 1324 1481 esset
1353 1442 1517 1489 occisus,
1540 1456 1607 1480 eos

277 1510 427 1547 futuros
457 1508 687 1558 superiores,
716 1508 896 1558 deposita
924 1515 1034 1546 ueste
1062 1508 1166 1558 regia
1193 1509 1429 1558 pastoralem
1458 1509 1606 1546 cultum

278 1573 417 1620 induit,
435 1573 715 1623 immixtusque
736 1572 869 1611 castris
889 1572 1075 1620 hostium,
1097 1574 1147 1611 de
1167 1572 1358 1611 industria
1376 1571 1497 1610 rixam
1518 1586 1608 1610 con-
1630 1588 1668 1608 20

279 1638 386 1677 ciens
420 1638 676 1688 inprudenter
708 1638 965 1688 interemptus
1000 1646 1067 1676 est.
1141 1639 1318 1678 Codrum
1358 1651 1448 1676 cum
1483 1646 1607 1675 morte

279 1710 437 1742 aeterna
462 1703 593 1754 gloria,
625 1703 889 1742 Athenienses
918 1710 1053 1742 secuta
1081 1703 1245 1742 uictoria
1273 1711 1341 1741 est.
1401 1702 1487 1752 quis
1517 1716 1605 1740 eum

280 1782 361 1807 non
391 1768 561 1816 miretur,
584 1768 651 1818 qui
680 1768 740 1807 his
770 1768 917 1807 artibus
946 1775 1114 1807 mortem
1144 1767 1362 1818 quaesierit,
1385 1767 1528 1818 quibus
1558 1769 1607 1805 ab

280 1833 432 1883 ignauis
466 1833 548 1872 uita
589 1833 723 1883 quaeri
768 1835 899 1872 solet?
972 1833 1088 1872 huius
1127 1833 1228 1872 filius
1268 1834 1421 1871 Medon
1459 1832 1607 1882 primus

280 1900 427 1937 archon
462 1899 630 1937 Athenis
667 1898 749 1937 fuit.
809 1899 859 1937 ab
893 1899 970 1937 hoc
1007 1897 1154 1948 posteri
1186 1899 1292 1948 apud
1326 1897 1480 1936 Atticos
1514 1897 1607 1935 dicti
1630 1913 1667 1945 25

282 1952 542 2002 Medontidae
565 1979 572 2001 :
629 1965 699 2002 sed
747 1963 810 2002 hic
852 1963 1184 2013 insequentesque
1230 1964 1438 2001 archontes
1484 1975 1609 2011 usque

280 2029 331 2066 ad
363 2029 599 2078 Charopem,
636 2030 731 2067 dum
770 2028 960 2076 uiuerent,
995 2042 1086 2066 eum
1125 2029 1317 2067 honorem
1355 2027 1605 2077 usurpabant.

282 2093 562 2142 Peloponnesii
593 2093 856 2143 digredientes
888 2093 1032 2132 finibus
1062 2093 1202 2132 Atticis
1234 2095 1405 2143 Megara,
1437 2092 1606 2131 mediam

329 2205 342 2225 1
370 2194 401 2225 ei
417 2194 531 2225 Aldus
647 2205 666 2234 5
691 2206 735 2225 an
752 2195 960 2234 Tyrrheno?
1078 2198 1098 2227 8
1123 2195 1308 2226 Penthelus
1324 2195 1366 2235 P,
1385 2205 1446 2226 em.
1471 2193 1608 2225 Vrsinus

285 2249 324 2277 13
348 2238 481 2277 imperii
497 2238 530 2268 P
637 2239 798 2269 Teminus
815 2239 849 2269 P
1017 2250 1054 2277 14
1079 2240 1207 2270 abauus
1232 2239 1397 2280 Scaliger:
1433 2243 1553 2268 atauus
1579 2237 1612 2267 P

282 2282 351 2312 sere
367 2282 401 2312 B
415 2293 421 2313 :
446 2282 552 2312 ferme
568 2282 602 2312 P
698 2293 740 2312 20
764 2283 805 2313 de
823 2282 987 2313 industria
1003 2283 1235 2322 imprudenter
1253 2282 1456 2313 rixanincies
1473 2281 1605 2319 (rixam.

283 2326 375 2356 ncies
391 2325 437 2366 Β)
451 2325 538 2356 PB:
561 2326 666 2356 rixam
684 2327 777 2356 ciens
794 2325 921 2356 Burer:
954 2336 978 2356 r.
999 2326 1153 2357 iniiciens
1170 2326 1376 2356 Rhenanus:
1408 2335 1433 2355 r.
1450 2324 1608 2355 conciens

282 2369 410 2409 scripsi:
448 2369 681 2408 imprudenter
703 2369 877 2400 Acidalius
900 2370 1104 2409 transposuit
1130 2373 1205 2400 ante
1232 2370 1476 2408 interemptus:
1511 2367 1613 2398 Orelli

282 2412 433 2442 scribebat
456 2412 535 2452 imp.
560 2412 602 2443 de
629 2413 695 2443 ind.
725 2423 751 2445 r.
780 2413 874 2444 ciens
901 2414 1124 2452 interemptus
1151 2417 1202 2443 est
1376 2421 1417 2450 23
1443 2411 1482 2441 iis
1510 2411 1613 2441 Orelli

284 2456 326 2485 26
348 2455 402 2486 hic
419 2455 543 2487 Sust'us
558 2467 566 2487 z
588 2456 634 2488 hii
653 2456 684 2487 P
822 2458 865 2488 28
889 2456 1116 2497 Peloponnesi
1131 2456 1165 2487 P
1273 2455 1413 2494 Megara
1428 2455 1587 2485 Heinsius
1602 2465 1607 2484 :

285 2499 457 2538 Megaram
472 2499 506 2530 P

944 2577 959 2599 2

1792 2749 1799 2864 *Aa*
1796 2721 1799 2734 ..
1793 2620 1799 2706 d--
1795 2575 1799 2606 —
1796 2544 1799 2549 ,
1796 2451 1799 2525 „⁴.„-.
