1799 2864
681 206 885 243 VELLEI
918 206 1235 245 PATERCVLI

302 312 453 350 sionem
501 312 655 351 sceleris
702 327 794 351 usus
842 322 910 361 est,
957 315 1063 352 haud
1110 313 1364 363 inprudenter
1405 316 1626 365 speculatus

303 377 501 415 neminem
549 377 712 416 celerius
759 378 938 427 opprimi,
979 391 1097 427 quam
1145 378 1212 428 qui
1249 379 1346 417 nihil
1384 379 1548 426 timeret,
1589 388 1627 418 et

265 455 282 484 3
301 442 658 491 frequentissimum
679 442 832 480 initium
846 456 930 480 esse
946 443 1175 481 calamitatis
1197 450 1217 482 †
1235 443 1460 481 securitatis.
1501 444 1627 494 primo

303 506 416 556 igitur
454 521 611 557 paucos,
652 522 742 546 mox
781 508 899 557 pluris
938 508 977 546 in
1016 508 1243 547 societatem
1282 509 1420 547 consili
1458 510 1626 560 recepit:

303 571 471 621 opprimi
502 586 617 622 posse
645 574 849 611 Romanos
870 580 907 610 et
928 572 1022 611 dicit
1042 581 1080 610 et
1100 575 1318 622 persuadet,
1341 574 1507 612 decretis
1527 576 1629 612 facta

264 657 285 687 4
305 637 437 686 iungit,
471 646 626 687 tempus
660 637 887 675 insidiarum
922 637 1132 675 constituit.
1192 637 1232 676 id
1261 640 1366 677 Varo
1400 652 1468 688 per
1501 638 1628 677 uirum

303 703 385 740 eius
423 703 548 752 gentis
582 704 740 741 fidelem
771 702 942 751 clarique
973 702 1155 749 nominis,
1189 704 1386 752 Segesten,
1422 704 1625 743 indicatur.

303 771 525 818 postulabat
546 770 661 808 etiam
686 785 704 804 ,ιι
729 783 746 802 *
772 785 790 804 *
812 771 890 808 fata
924 770 1095 808 consiliis
1127 784 1366 821 omnemque
1395 772 1515 810 animi
1545 771 1628 810 eius

301 834 426 872 aciem
447 834 769 884 praestrinxerant
786 850 792 872 :
823 835 968 884 quippe
989 835 1041 873 ita
1061 849 1101 874 se
1122 849 1180 874 res
1197 837 1326 883 habet,
1341 844 1383 874 ut
1398 838 1629 886 plerumque

302 900 364 938 cui
412 901 608 938 fortunam
656 908 874 938 mutaturus
921 907 976 939 est
1021 903 1130 948 deus,
1184 901 1346 940 consilia
1392 910 1626 951 corrumpat,

303 964 532 1014 efficiatque,
569 967 677 1014 quod
712 965 970 1003 miserrimum
1009 974 1077 1013 est,
1118 968 1226 1016 quod
1259 966 1402 1005 accidit
1435 974 1477 1005 ut
1511 966 1628 1004 etiam

304 1029 440 1067 merito
478 1029 667 1068 accidisse
706 1030 884 1068 uideatur
922 1039 959 1068 et
998 1044 1109 1069 casus
1157 1031 1196 1068 in
1244 1033 1400 1081 culpam
1448 1040 1626 1070 transeat.

303 1102 416 1143 negat
437 1094 568 1143 itaque
589 1108 630 1132 se
651 1097 807 1133 credere
835 1095 1085 1145 speciemque
1115 1096 1154 1134 in
1184 1110 1225 1134 se
1255 1097 1554 1136 beneuolentiae
1583 1111 1630 1136 ex

304 1158 441 1196 merito
472 1159 676 1198 aestimare
710 1161 921 1209 profitetur.
981 1174 1054 1199 nec
1083 1161 1229 1199 diutius
1258 1170 1347 1211 post
1376 1162 1545 1211 primum
1577 1162 1630 1199 in-

304 1222 432 1260 dicem
453 1225 630 1262 secundo
650 1224 805 1262 relictus
826 1226 944 1263 locus.

219 1292 284 1329 119
360 1288 551 1327 Ordinem
580 1289 845 1328 atrocissimae
874 1290 1114 1337 calamitatis,
1137 1304 1215 1340 qua
1247 1293 1354 1329 nulla
1382 1301 1471 1342 post
1502 1292 1631 1332 Crassi

305 1353 343 1391 in
375 1354 526 1392 Parthis
558 1356 747 1393 damnum
782 1356 821 1393 in
851 1357 1017 1394 externis
1047 1357 1228 1406 gentibus
1257 1357 1410 1407 grauior
1440 1359 1631 1397 Romanis

304 1418 385 1465 fuit,
408 1419 518 1457 iustis
541 1420 809 1459 uoluminibus
837 1429 878 1459 ut
897 1421 973 1468 alii,
996 1421 1049 1459 ita
1068 1435 1140 1460 nos
1161 1422 1393 1461 conabimur
1413 1437 1630 1473 exponere:

267 1503 281 1523 2
304 1498 410 1522 nunc
441 1498 595 1523 summa
625 1487 809 1524 deflenda
838 1494 904 1524 est.
965 1486 1154 1525 exercitus
1184 1487 1361 1526 omnium
1386 1489 1629 1536 fortissimus,

305 1553 520 1603 disciplina,
558 1569 677 1593 manu
710 1556 1025 1606 experientiaque
1058 1557 1249 1595 bellorum
1288 1556 1387 1595 inter
1426 1558 1630 1594 Romanos

305 1618 444 1656 milites
476 1619 668 1670 princeps,
702 1635 876 1659 marcore
911 1621 1033 1669 ducis,
1065 1622 1227 1671 perfidia
1260 1621 1394 1668 hostis,
1427 1620 1631 1669 iniquitate

349 1732 362 1751 1
382 1722 460 1761 imp.
475 1722 546 1752 AF
639 1734 658 1762 3
676 1725 867 1755 securitatis
884 1725 1010 1755 zbzcludo
1027 1726 1068 1756 -is
1085 1729 1113 1755 el
1128 1726 1190 1756 —eis
1206 1726 1387 1762 subsffluto,
1400 1735 1486 1762 mox,
1499 1728 1562 1754 tolo
1577 1724 1635 1754 lzoc

303 1765 440 1803 saducto,
458 1768 649 1797 securitatis
664 1769 864 1808 suprassrz'pt.
877 1769 922 1800 Α,
938 1769 969 1798 in
984 1773 1146 1808 quantum
1163 1771 1354 1809 scn‘pluram
1368 1768 1476 1798 codicis
1487 1778 1543 1807 ego
1556 1771 1583 1797 ct
1595 1768 1631 1799 F.

303 1808 440 1847 rWadan,
454 1810 659 1847 difficiliorem
675 1822 761 1850 sane,
776 1812 969 1852 interpretat?
987 1813 1158 1852 posuimus
1171 1825 1177 1844 ε
1195 1813 1409 1843 securitatem
1421 1811 1471 1842 P:
1496 1823 1579 1841 nunt
1598 1812 1630 1841 in

303 1853 371 1883 <nel
399 1854 457 1892 ex}
491 1856 693 1886 securitate?
850 1867 868 1894 4
893 1856 1055 1886 societate
1090 1857 1206 1887 consili
1239 1856 1411 1896 praecepit
1442 1854 1519 1892 ΑΡ,
1552 1866 1627 1886 corr.

305 1895 487 1926 Rhenanus
566 1906 585 1935 5
603 1899 702 1928 docet
719 1898 876 1929 Heinsius
964 1901 984 1929 8
1001 1900 1154 1930 lacunam
1170 1901 1214 1930 st'c
1227 1900 1376 1939 suppleui
1388 1910 1426 1928 ex
1447 1899 1517 1929 Tac.
1533 1898 1629 1930 Ann.

305 1940 322 1970 i.
339 1940 380 1978 58
400 1940 535 1980 [uinciri
553 1941 714 1973 conscios.
735 1943 793 1972 sed
816 1943 1054 1981 praeualebant
1072 1942 1153 1982 iam]
1175 1944 1207 1974 in
1224 1945 1340 1983 quibus
1355 1943 1415 1973 sed
1433 1952 1546 1981 praeu.
1566 1942 1631 1972 iam

306 1982 428 2012 Gelem'i
446 1987 491 2013 est
622 1996 642 2024 9
667 1990 920 2024 praestruxerat
940 1986 1016 2023 ΑΡ,
1039 1998 1103 2017 etn.
1126 1986 1275 2017 Gelcm'us
1366 1996 1404 2017 10
1428 1986 1480 2016 cui
1501 1986 1630 2025 scripsi:

303 2026 359 2064 qui
376 2026 461 2058 AP:
481 2028 532 2057 cui
551 2027 697 2058 Lauren!
713 2030 897 2061 relatz'uum.
916 2030 1012 2060 Kritz
1029 2031 1233 2069 indefinitum
1251 2035 1287 2060 ut
1302 2031 1334 2060 1'n
1353 2029 1414 2060 Cic.
1427 2029 1499 2060 Fin.
1514 2029 1556 2060 iii.
1577 2039 1629 2060 21.

306 2080 341 2108 71
361 2070 491 2101 habuit:
518 2072 612 2102 cuius
630 2072 675 2102 ed.
694 2072 825 2112 Bz'pont.
845 2077 874 2103 st
889 2073 996 2103 Halm
1013 2074 1051 2112 cf.
1067 2084 1116 2113 57.
1132 2085 1151 2112 3
1167 2086 1174 2104 ·.
1188 2075 1268 2112 jort.
1281 2074 1371 2113 quib.
1385 2073 1403 2104 f.
1425 2084 1467 2103 m.
1486 2083 1516 2103 e.
1535 2073 1628 2108 deus,

305 2114 376 2154 [iis]
425 2115 613 2145 imitaturus
630 2115 662 2145 A
721 2122 773 2146 est
784 2116 860 2148 add.
875 2117 1024 2147 Gelenius
1080 2118 1152 2147 eius
1160 2121 1235 2157 post
1245 2118 1328 2147 deus
1342 2116 1478 2147 addebat
1487 2115 1634 2146 Lauren!

308 2167 341 2186 11
366 2162 401 2187 ut
423 2158 512 2196 quod
538 2159 657 2189 accidit
680 2164 713 2189 et
736 2161 836 2189 etiam
861 2160 974 2199 (etiam
996 2160 1040 2193 P)
1066 2161 1188 2191 ABP:
1212 2162 1303 2200 quod
1329 2160 1449 2191 accidit
1472 2165 1506 2189 ut
1531 2159 1629 2189 etiam

304 2201 421 2240 scripsi,
437 2202 531 2231 solita
552 2206 714 2232 slrnctm'a
730 2214 796 2242 qua
811 2209 844 2233 ut
862 2208 939 2243 post
955 2205 1127 2234 relatiuam
1153 2205 1286 2234 demunt
1310 2204 1460 2243 nzfertur:
1487 2207 1522 2232 ut
1539 2203 1629 2241 quod

304 2244 435 2281 accidit,
450 2246 482 2274 id
501 2246 600 2276 etiam
612 2246 721 2275 Emer
808 2257 845 2276 12
870 2248 1000 2286 culpam
1014 2248 1064 2277 P:
1083 2248 1179 2287 culpa
1194 2247 1258 2277 BA
1353 2258 1390 2285 13
1415 2247 1630 2285 speciemque

305 2286 482 2318 Burmann
499 2299 506 2318 ε
530 2299 693 2328 spemque
710 2289 779 2319 ΑΡ
884 2291 1124 2321 beneuolentia
1140 2291 1214 2329 ΑΡ,
1234 2302 1308 2322 corr.
1332 2290 1481 2321 Gelenius
1592 2290 1631 2318 16

304 2341 369 2368 qua
386 2330 469 2362 BP:
494 2343 580 2371 quae
597 2333 630 2362 A
728 2334 840 2364 Crassi
858 2333 909 2365 P:
934 2335 1028 2365 Cassi
1047 2334 1111 2364 BA
1203 2346 1244 2365 20
1270 2335 1445 2374 disciplina
1465 2333 1497 2363 A
1589 2342 1626 2363 21

308 2374 419 2404 Marco
438 2376 569 2406 reducis
585 2376 618 2406 A

941 2521 1004 2553 130

1648 585 1665 616 5

1651 916 1690 938 10

1652 1247 1688 1278 ¹5

1653 1572 1692 1594 20
