1799 2864
138 917 175 938 10

734 208 903 245 LIBER
934 208 975 245 II

249 320 458 359 Crescente
478 319 516 357 in
537 318 620 357 dies
641 326 678 357 et
699 319 820 356 classe
840 326 878 356 et
898 319 1000 356 fama
1022 318 1185 367 Pompei
1206 319 1350 357 Caesar
1370 319 1513 356 molem
1533 322 1587 361 79

196 385 286 423 belli
317 385 398 423 eius
437 384 631 433 suscipere
669 383 811 421 statuit.
869 383 1124 422 aedificandis
1163 383 1329 421 nauibus
1369 391 1517 421 contra-

195 450 405 498 hendoque
440 448 550 486 militi
580 462 626 486 ac
660 447 793 497 remigi
827 447 1110 496 naualibusque
1140 449 1412 486 adsuescendo
1441 461 1518 485 cer-

195 512 405 550 taminibus
428 520 546 561 atque
577 511 917 550 exercitationibus
938 513 1154 561 praefectus
1175 520 1233 549 est
1255 513 1309 549 M.
1333 511 1515 560 Agrippa,

196 576 346 614 uirtutis
367 576 643 622 nobilissimae,
666 576 809 623 labore,
833 575 972 625 uigilia,
995 575 1169 625 periculo
1196 575 1364 613 inuictus
1386 589 1519 624 paren-

195 641 324 690 dique,
351 642 419 679 sed
446 640 524 687 uni,
548 640 838 687 scientissimus,
869 640 952 678 aliis
983 654 1076 678 sane
1105 639 1323 690 imperandi
1353 639 1518 689 cupidus

193 714 231 744 et
269 719 337 755 per
370 705 503 744 omnia
533 714 638 744 extra
670 705 876 744 dilationes
915 705 1065 754 positus
1104 704 1372 753 consultisque
1419 705 1520 742 facta

194 769 446 819 coniungens.
506 770 569 808 hic
599 770 638 808 in
666 772 826 808 Auerno
856 783 902 807 ae
930 769 1101 807 Lucrino
1125 771 1211 807 lacu
1233 768 1520 818 speciosissima
1540 784 1553 804 2

195 835 316 872 classe
336 834 521 872 fabricata
542 834 747 873 cotidianis
768 834 1108 872 exercitationibus
1129 833 1292 871 militem
1320 832 1521 882 remigem-

195 912 271 948 que
309 901 359 937 ad
398 913 591 937 summam
631 907 668 937 et
707 899 879 937 militaris
918 907 956 937 et
994 898 1209 937 maritimae
1247 898 1300 936 rei
1343 897 1521 947 perduxit

195 962 407 1001 scientiam.
467 965 540 1001 hac
578 963 691 1001 classi
725 964 879 1010 Caesar,
915 977 1005 1001 cum
1039 963 1144 1012 prius
1178 963 1451 1012 despondente
1485 961 1519 999 ei

196 1029 366 1074 Nerone,
389 1027 451 1065 cui
471 1036 561 1066 ante
588 1036 710 1077 nupta
736 1029 858 1065 fuerat
891 1027 1013 1074 Liuia,
1035 1026 1243 1077 auspicatis
1264 1026 1318 1064 rei
1342 1025 1522 1076 publicae

196 1091 394 1130 ominibus
415 1092 586 1131 duxisset
607 1106 693 1130 eam
714 1106 885 1139 uxorem,
910 1091 1100 1142 Pompeio
1121 1091 1354 1140 Siciliaeque
1376 1091 1522 1129 bellum

197 1156 334 1194 intulit.
413 1159 481 1195 sed
526 1157 652 1194 uirum
699 1158 871 1194 humana
915 1170 990 1206 ope
1035 1156 1226 1194 inuictum
1271 1155 1437 1205 grauiter
1475 1168 1522 1193 eo
1542 1167 1559 1197 3

159 1239 172 1268 g
197 1228 372 1270 tempore
401 1223 556 1259 fortuna
585 1221 804 1259 concussit:
840 1220 985 1270 quippe
1015 1222 1130 1270 longe
1159 1220 1346 1258 maiorem
1375 1227 1523 1269 partem

198 1285 330 1323 classis
361 1285 461 1323 circa
489 1286 642 1324 Veliam
675 1285 925 1335 Palinurique
957 1284 1269 1335 promontorium
1299 1286 1436 1322 adorta
1465 1283 1523 1321 uis

199 1350 319 1388 Africi
348 1351 531 1389 lacerauit
561 1365 607 1389 ac
638 1351 796 1390 distulit.
856 1365 902 1390 ea
935 1352 1126 1401 patrando
1161 1351 1264 1388 bello
1299 1363 1407 1388 mora
1438 1349 1524 1398 fuit,

198 1417 306 1464 quod
337 1424 473 1465 postea
499 1416 619 1454 dubia
646 1424 683 1454 et
710 1416 905 1454 interdum
926 1415 1085 1465 ancipiti
1106 1417 1261 1453 fortuna
1280 1422 1431 1464 gestum
1453 1422 1520 1452 est.

199 1493 289 1517 nam
324 1488 361 1517 et
393 1480 524 1518 classis
557 1482 697 1518 eodem
737 1482 825 1519 loco
863 1489 1001 1518 uexata
1035 1488 1092 1518 est
1131 1488 1372 1529 tempestate,
1406 1488 1444 1517 et
1482 1487 1563 1518 ut4

140 1563 153 1583 2
198 1544 327 1582 nauali
347 1544 473 1594 primo
494 1545 642 1594 proelio
661 1547 767 1594 apud
796 1546 922 1594 Mylas
949 1547 1070 1583 ductu
1092 1544 1287 1593 Agrippae
1308 1552 1522 1593 pugnatum

198 1622 392 1658 prospere,
432 1609 485 1646 ita
515 1609 717 1658 inopinato
749 1609 881 1647 classis
914 1611 1088 1647 aduentu
1126 1608 1253 1658 grauis
1292 1609 1365 1645 sub
1403 1608 1523 1657 ipsius

199 1674 375 1714 Caesaris
403 1674 525 1712 oculis
556 1674 656 1712 circa
687 1674 996 1712 Tauromenium
1022 1682 1184 1722 accepta
1211 1674 1341 1711 clades
1356 1687 1366 1719 ,·
1395 1686 1524 1721 neque

197 1741 248 1778 ab
280 1739 364 1789 ipso
395 1739 610 1789 periculum
642 1739 775 1777 abfuit.
835 1739 1018 1789 legiones,
1052 1752 1153 1788 quae
1187 1752 1276 1776 cum
1312 1737 1525 1777 Cornificio

198 1813 317 1850 erant,
340 1805 467 1853 legato
489 1804 677 1850 Caesaris,
699 1804 897 1853 expositae
918 1804 957 1841 in
985 1812 1124 1842 terram
1146 1816 1270 1852 paene
1290 1816 1313 1840 a
1334 1802 1525 1851 Pompeio

199 1882 407 1917 oppressae
446 1876 545 1906 sunt.
605 1870 674 1906 sed
712 1868 891 1917 ancipitis
940 1869 1095 1906 fortuna
1142 1867 1328 1916 temporis
1376 1875 1526 1904 matura
1547 1882 1562 1913 5

200 1933 341 1970 uirtute
362 1942 556 1970 correcta:
587 1932 785 1982 explicatis
807 1932 953 1982 quippe
974 1932 1174 1981 utriusque
1198 1931 1316 1981 partis
1337 1931 1526 1968 classibus

199 2012 324 2048 paene
345 1997 528 2036 omnibus
549 2005 686 2035 exutus
707 1997 873 2034 nauibus
891 1996 1102 2046 Pompeius
1123 1995 1258 2033 Asiam
1280 1997 1369 2044 fuga
1390 1994 1526 2044 petiuit

244 2112 263 2140 3
289 2101 393 2130 milite
410 2110 448 2130 ac
466 2100 590 2139 remige
606 2100 696 2130 AP:
720 2100 814 2129 militi
837 2111 875 2130 ac
898 2100 1015 2138 remigi
1036 2100 1204 2130 Gelenius:
1229 2109 1311 2128 num
1334 2099 1471 2128 militem
1489 2110 1527 2129 ac

200 2145 381 2183 remigem?
406 2144 443 2183 cf.
464 2154 512 2182 79.
529 2155 547 2173 2
636 2156 655 2182 4
679 2144 789 2182 adque
805 2144 838 2172 A
916 2144 1086 2183 exssercita
1099 2143 1166 2175 del..
1189 2142 1259 2172 dein
1277 2142 1528 2172 exercitationi-

200 2190 262 2219 bus
279 2188 310 2217 A
376 2187 545 2226 prefectus
562 2186 594 2215 A
664 2196 682 2224 5
707 2187 820 2217 uirtuti
836 2186 870 2216 A
941 2188 960 2216 8
983 2187 1146 2224 coniuges
1164 2186 1196 2214 A
1281 2195 1315 2214 11
1342 2186 1450 2215 classe
1471 2186 1527 2216 Ge-

200 2232 303 2262 lenius
341 2234 370 2261 &
385 2241 522 2260 merone
537 2230 608 2267 del„
620 2230 691 2260 dein
705 2236 862 2270 suprascr.
875 2231 904 2260 ei
921 2230 1057 2261 Nerone
1069 2230 1101 2259 A
1163 2240 1200 2258 12
1216 2229 1310 2258 Liuia
1320 2229 1353 2258 A
1372 2240 1378 2258 :
1400 2229 1527 2260 Liuiam

201 2276 234 2305 P
322 2285 360 2313 13
385 2274 574 2304 hominibus
590 2274 623 2304 A
738 2285 778 2303 20
802 2279 883 2312 aput
907 2274 1002 2304 Milas
1018 2274 1052 2304 A
1166 2283 1204 2302 21
1233 2272 1461 2310 Pompeianae
1480 2273 1531 2303 uel

202 2319 355 2348 inimicae
375 2318 425 2347 uel
438 2318 602 2347 aduersae
619 2317 694 2348 add.
712 2318 871 2347 Heinsius
967 2328 1008 2357 24
1032 2318 1160 2355 legatae
1177 2316 1209 2345 A
1281 2316 1313 2345 in
1332 2321 1421 2345 terra
1436 2316 1529 2347 AP:

201 2363 235 2392 in
262 2367 385 2392 terram
415 2361 554 2390 malebat
579 2361 709 2390 Alsters
779 2371 867 2399 pene
891 2371 990 2399 paene
1012 2361 1069 2392 A:
1095 2370 1179 2390 num
1202 2369 1311 2398 paene
1337 2359 1458 2397 plene?
1484 2370 1528 2389 an

201 2416 310 2444 paene
328 2415 436 2444 paene
453 2405 497 2433 sic
511 2404 631 2434 dictum
648 2408 692 2434 est
709 2408 744 2433 ut
756 2404 855 2434 modo
869 2405 968 2434 modo
986 2408 1022 2434 ut
1033 2404 1256 2444 significentur
1269 2413 1370 2432 naues
1379 2403 1531 2442 proxime

200 2449 338 2488 abfuisse
354 2449 393 2478 ab
408 2448 501 2477 em'tio
633 2457 674 2486 25
697 2453 826 2478 mature
844 2448 1006 2478 Ruhnken
1139 2456 1177 2484 27
1203 2446 1285 2475 Asia
1302 2445 1414 2484 sugam
1429 2446 1463 2476 A

846 2509 886 2538 93
