1799 2864
614 217 818 255 VELLEI
850 217 1166 257 PATERCVLI

228 336 266 367 et
304 330 482 376 Scaurus,
518 336 556 367 et
593 336 684 367 ante
721 328 850 367 omnis
889 330 931 367 L.
966 330 1130 368 Crassus
1163 336 1201 367 et
1237 330 1292 366 M.
1329 328 1550 366 Antonius:

191 414 206 434 2
227 406 395 442 quorum
433 393 549 431 aetati
587 392 831 443 ingeniisque
869 406 1090 432 successere
1128 394 1172 433 C.
1214 394 1358 433 Caesar
1399 393 1549 439 Strabo,

229 459 269 495 P.
293 457 513 507 Sulpicius;
546 472 636 496 nam
668 459 716 506 Q.
750 457 908 496 Mucius
935 458 1026 496 iuris
1056 458 1218 496 scientia
1246 472 1363 508 quarn
1394 458 1551 508 proprio

192 535 209 564 3
228 522 475 572 eloquentiae
509 522 670 560 nomine
701 522 890 560 celebrior
923 522 1004 560 fuit.
1063 524 1165 560 clara
1198 522 1315 561 etiarn
1348 536 1417 572 per
1445 522 1549 560 idem

226 586 314 624 aeui
343 586 512 636 spatium
542 588 648 624 fuere
678 585 834 635 ingenia
861 585 901 623 in
931 585 1070 635 togatis
1100 586 1246 633 Afrani,
1274 586 1314 624 in
1344 587 1551 636 tragoediis

228 651 375 689 Pacuui
398 659 517 700 atque
537 650 645 696 Acci,
668 663 793 699 usque
816 650 855 687 in
877 651 1117 688 Graecorum
1143 649 1421 703 [ingeniorum]
1449 664 1552 689 com-

228 715 470 764 parationem
510 714 666 761 enectis,
701 727 967 764 magnumque
998 714 1098 753 inter
1131 715 1203 752 hos
1237 714 1343 764 ipsos
1376 715 1552 753 facientis

228 779 336 828 operi
366 793 438 817 suo
472 781 615 826 locum,
647 780 749 817 adeo
782 779 955 828 quidem,
989 786 1031 817 ut
1062 778 1101 816 in
1132 778 1207 817 illis
1240 779 1368 826 limae,
1403 779 1443 817 in
1477 781 1553 818 hoc

189 857 353 893 4paene
390 846 478 893 plus
525 843 704 882 uideatur
750 843 869 881 fuisse
907 843 1117 892 sanguinis,
1157 843 1311 881 celebre
1352 851 1390 881 et
1429 844 1553 881 Lucili

228 922 373 947 nomen
407 908 490 955 fuit,
523 908 590 958 qui
624 908 697 946 sub
729 909 769 945 P.
803 907 989 946 Africano
1022 907 1267 946 Numantino
1299 908 1404 946 bello
1433 921 1554 957 eques

229 973 471 1011 militauerat.
531 986 611 1022 quo
637 971 798 1021 quidem
826 980 1003 1021 tempore
1029 971 1192 1010 iuuenes
1214 973 1346 1009 adhuc
1368 973 1555 1021 Iugurtha

227 1052 274 1076 ac
296 1038 445 1076 Marius
472 1038 545 1075 sub
572 1038 713 1075 eodem
739 1036 925 1074 Africano
952 1036 1162 1075 militantes
1189 1036 1228 1074 in
1253 1036 1393 1075 iisdem
1420 1036 1554 1074 castris

191 1119 207 1149 5
229 1102 412 1150 didicere,
446 1116 547 1152 quae
580 1108 717 1151 postea
749 1100 789 1138 in
821 1100 1022 1139 contrariis
1056 1102 1237 1139 facerent.
1307 1100 1553 1139 historiarum

228 1175 364 1205 auctor
390 1167 467 1204 iam
491 1174 575 1204 tum
599 1165 765 1204 Sisenna
788 1174 868 1203 erat
894 1165 1059 1213 iuuenis,
1088 1167 1158 1204 sed
1184 1178 1284 1215 opus
1310 1165 1403 1203 belli
1429 1165 1554 1203 ciuilis

229 1231 458 1281 Sullanique
491 1238 580 1280 post
612 1230 762 1279 aliquot
791 1243 916 1268 annos
949 1231 1000 1268 ab
1034 1244 1082 1268 eo
1113 1229 1266 1268 seniore
1299 1230 1449 1268 editum
1484 1238 1551 1268 est.

191 1308 209 1337 6
229 1296 418 1335 uetustior
452 1295 617 1333 Sisenna
649 1294 721 1332 fuit
753 1294 920 1341 Caelius,
953 1294 1127 1344 aequalis
1161 1293 1349 1332 Sisennae
1384 1294 1554 1332 Rutilius

229 1360 499 1410 Claudiusque
534 1358 813 1408 Quadrigarius
847 1366 885 1397 et
916 1358 1094 1397 Valerius
1125 1358 1274 1397 Antias.
1347 1372 1441 1397 sane
1474 1372 1554 1397 non

228 1426 452 1476 ignoremus
483 1425 622 1463 eadem
651 1431 778 1461 aetate
806 1423 925 1461 fuisse
956 1423 1222 1473 Pomponium
1251 1423 1431 1462 sensibus
1460 1425 1557 1462 cele-

229 1492 350 1538 brem,
384 1490 513 1528 uerbis
543 1491 681 1527 rudem
713 1496 750 1527 et
782 1488 957 1528 nouitate
988 1488 1139 1527 inuenti
1169 1502 1191 1526 a
1222 1502 1264 1527 se
1295 1488 1423 1538 operis
1452 1502 1556 1527 com-

229 1555 505 1594 mendabilem.

164 1637 210 1664 10
284 1623 572 1670 Prosequamur
601 1627 696 1658 nota
726 1619 972 1658 seueritatem
1003 1632 1210 1657 censorum
1242 1619 1354 1658 Cassi
1388 1619 1556 1668 Longini

231 1684 534 1735 Caepionisque,
556 1684 623 1733 qui
643 1683 789 1722 abhinc
811 1697 937 1721 annos
959 1687 980 1723 †
994 1695 1102 1721 CLVII
1127 1683 1322 1733 Lepidum
1343 1682 1554 1721 Aemilium

229 1764 427 1801 augurem,
457 1751 565 1799 quod
597 1762 662 1787 sex
689 1749 847 1787 milibus
878 1750 963 1788 HS.
991 1748 1099 1787 aedis
1128 1748 1390 1795 conduxisset,
1419 1749 1556 1786 adesse

229 1817 433 1855 iusserunt.
503 1823 541 1853 at
575 1828 680 1853 nunc
712 1814 743 1852 si
777 1814 863 1863 quis
898 1813 994 1852 tanti
1028 1813 1187 1861 habitet,
1220 1813 1285 1852 uix
1323 1821 1365 1851 ut
1403 1821 1559 1851 senator

276 1929 290 1949 1
318 1919 354 1950 L.
376 1918 441 1949 BA
459 1929 466 1948 z
491 1929 554 1949 om.
575 1917 607 1947 P
743 1927 763 1956 3
788 1927 864 1947 nam
882 1917 922 1956 Q.
940 1916 1073 1947 Aldus:
1106 1927 1213 1956 namq.
1231 1915 1302 1946 ΑΡ
1398 1917 1556 1956 propriae

231 1963 319 1993 AP:
342 1963 479 2003 proprie
496 1962 628 2002 Lipsius
644 1972 650 1991 :
675 1961 812 2000 proprio
828 1961 985 1991 Heinsius
1000 1964 1029 1990 et
1044 1961 1175 1999 Bentley
1277 1969 1296 1998 5
1321 1960 1505 1999 trogoediis
1521 1960 1554 1989 A

230 2009 252 2037 6
274 2006 408 2046 pacuuii
425 2005 496 2035 ΑΡ
581 2005 690 2043 adque
713 2005 859 2044 acciusq.
876 2004 909 2033 A
1002 2005 1214 2043 ingeniorum
1234 2014 1297 2034 om.
1317 2004 1350 2033 in
1367 2007 1465 2042 textu,
1483 2003 1556 2034 add.

1182 2056 1242 2073 eIUS

233 2085 266 2114 in
291 2094 395 2124 marg.
420 2082 453 2112 A
589 2092 606 2120 7
632 2081 761 2112 enectis
785 2080 843 2111 B:
879 2081 951 2111 eius
975 2081 1097 2112 aetatis
1120 2081 1173 2111 P:
1234 2081 1333 2111 etatis
1358 2080 1416 2110 A:
1448 2081 1556 2111 euecti

235 2127 403 2158 Gelenius:
439 2129 559 2155 euecta
582 2124 739 2155 Heinsius
828 2124 917 2155 Enni
941 2126 1098 2155 Heinsius
1119 2128 1195 2165 post
1217 2124 1339 2165 locum,
1368 2125 1469 2155 Orelli
1483 2128 1558 2164 post

234 2180 459 2210 magnumque
473 2169 627 2199 inserebat
712 2179 732 2207 9
750 2169 871 2208 paenae
882 2174 1039 2209 suprascr.
1052 2179 1070 2199 e
1083 2168 1116 2197 A
1191 2169 1290 2208 uulgo
1298 2171 1374 2208 post
1383 2168 1557 2206 sanguinis

233 2216 475 2254 interpungmzt.
517 2212 659 2252 Maduig
673 2212 826 2242 facientis
843 2213 889 2242 ad
903 2213 1007 2243 Lucili
1018 2213 1150 2252 primus
1167 2212 1322 2252 rquvbM,
1336 2222 1431 2251 quem
1447 2221 1562 2250 sequor

235 2269 274 2288 10
298 2258 435 2288 Publico
458 2256 491 2285 A
584 2256 782 2286 numantino
806 2255 838 2284 A
991 2266 1027 2286 11
1054 2255 1186 2285 iuuenis
1202 2255 1277 2289 AF,
1298 2265 1358 2286 ern.
1378 2255 1556 2284 Burmann

238 2312 274 2340 13
298 2301 340 2331 de
357 2301 472 2331 dicere
488 2310 554 2338 que
571 2299 603 2328 A
673 2298 906 2339 historiarum]
925 2298 1131 2329 Milesiarum
1152 2299 1191 2329 O.
1208 2299 1295 2329 Iat'm
1310 2299 1425 2329 Herm.
1445 2298 1477 2328 ii.
1495 2308 1556 2336 234

236 2355 271 2382 14
295 2349 334 2375 tir
350 2345 416 2374 iam
433 2349 501 2374 tum
518 2343 551 2372 A
573 2343 643 2382 (sic)
734 2343 852 2382 ciuilis]
870 2343 1005 2373 socialis
1021 2342 1185 2373 Ruhnken
1309 2352 1346 2380 15
1371 2342 1505 2380 aliquod
1522 2342 1554 2371 A

236 2390 275 2419 16
298 2389 433 2419 Coelius
450 2387 482 2416 A
575 2386 732 2425 aequales
748 2386 904 2426 Kreysszg
1023 2387 1060 2416 18
1083 2396 1173 2417 sens.
1192 2386 1336 2416 celerem
1358 2385 1557 2415 Warburton

238 2442 277 2471 19
301 2433 350 2472 et]
374 2433 434 2462 sed
452 2430 585 2470 Lipsius
725 2441 763 2460 21
790 2436 869 2461 nota
895 2430 1055 2472 Madmg:
1090 2434 1203 2460 notam
1219 2429 1291 2460 Al>
1375 2428 1470 2460 Cassi
1492 2429 1563 2458 ΑΡ

236 2486 277 2505 22
302 2475 510 2514 caepionisq.
522 2477 586 2511 um*
604 2474 673 2514 (sic)
691 2474 723 2504 A
815 2484 907 2504 crvu
924 2474 1010 2506 AP:
1036 2484 1119 2505 eL111
1136 2474 1234 2503 Kritz
1326 2473 1461 2503 Aelium
1478 2472 1556 2511 ΑΡ,

235 2530 294 2550 em.
314 2519 427 2549 Aldus
558 2528 599 2557 23
625 2518 696 2549 HS.
724 2517 799 2549 add.
828 2518 960 2548 Krause
1048 2518 1150 2549 aedes
1166 2516 1237 2547 ΑΡ
1365 2527 1405 2554 24
1429 2517 1481 2547 Ad
1502 2516 1532 2545 Α

883 2571 919 2601 28

1578 924 1617 945 10

1578 1249 1614 1280 15

1579 1575 1617 1596 20
