1799 2864
92 918 131 939 10

88 1564 126 1584 20

694 215 863 252 LIBER
894 216 935 252 II

156 323 301 361 caudas
331 324 374 362 C.
407 324 550 362 Caesar
578 322 618 360 in
646 323 772 360 Gallia
800 331 929 372 ageret
958 337 1031 362 nec
1060 332 1268 364 contentus
1299 324 1473 375 plurimis

155 400 200 425 ac
224 387 453 425 felicissimis
483 387 653 425 uictoriis
680 387 1109 438 innumerabilibusque
1136 390 1258 428 caesis
1285 398 1322 428 et
1351 389 1474 439 captis

154 451 324 489 hostiurn
353 452 508 490 milibus
534 451 650 489 etiam
677 451 717 489 in
745 451 986 490 Britanniam
1012 453 1224 491 traiecisset
1250 454 1472 502 exercitum,

153 517 315 553 alterum
335 529 459 564 paene
479 515 642 565 imperio
662 524 795 554 nostro
815 529 860 554 ac
886 530 958 555 suo
978 530 1168 566 quaerens
1192 518 1339 565 orbem,
1362 528 1474 557 uetus

152 592 221 628 par
246 581 463 627 consulum,
486 582 558 620 Cn.
582 581 794 630 Pompeius
820 589 858 619 et
886 583 941 619 M.
965 582 1139 629 Crassus,
1165 584 1328 620 alterum
1355 583 1474 622 iniere

153 646 410 692 consulatum,
443 645 509 694 qui
543 659 672 695 neque
705 646 848 695 petitus
880 647 1045 685 honeste
1078 648 1128 685 ab
1158 647 1203 685 iis
1233 661 1361 697 neque
1390 662 1475 697 pro-

153 709 330 747 babiliter
355 717 485 758 gestus
512 718 579 748 est.
639 711 796 749 Caesari
820 713 914 760 lege,
938 724 1055 760 quam
1088 712 1300 761 Pompeius
1329 714 1379 751 ad
1408 726 1475 762 po·
1495 724 1510 746 2

151 775 285 823 pulum
303 774 400 820 tulit,
418 782 645 824 prorogatae
665 774 705 812 in
725 774 830 813 idem
848 775 1015 824 spatium
1032 776 1218 825 temporis
1234 776 1471 825 prouinciae,

151 839 293 877 Crasso
313 839 460 876 bellum
477 838 701 876 Parthicum
722 839 799 876 iam
819 839 952 878 animo
973 840 1150 878 molienti
1166 841 1273 889 Syria
1293 842 1472 879 decreta:

149 902 217 951 qui
243 902 301 940 uir
327 911 455 941 cetera
478 903 744 941 sanctissimus
771 903 1023 953 inmunisque
1049 905 1317 954 uoluptatibus
1344 918 1473 954 neque

149 967 188 1004 in
209 968 376 1017 pecunia
396 981 524 1017 neque
544 968 583 1005 in
604 968 725 1018 gloria
744 969 1063 1018 concupiscenda
1082 978 1148 1007 aut
1173 971 1336 1008 modurn
1361 978 1473 1008 norat

148 1040 214 1070 aut
252 1032 431 1081 capiebat
469 1032 689 1070 terminum.
759 1034 865 1070 hunc
898 1033 1211 1082 proficiscentem
1250 1034 1289 1071 in
1324 1034 1472 1084 Syriam
1492 1051 1508 1080 3

148 1096 240 1134 diris
261 1110 351 1134 cum
372 1096 569 1135 ominibus
597 1096 741 1134 tribuni
768 1098 817 1146 pl.
841 1099 979 1135 frustra
1005 1098 1169 1136 retinere
1196 1098 1349 1136 conati:
1379 1112 1474 1148 quo-

149 1174 234 1198 rum
256 1161 539 1199 exsecrationes
561 1161 591 1199 si
612 1161 651 1198 in
673 1161 801 1210 ipsum
828 1163 1105 1200 tantummodo
1132 1162 1357 1209 ualuissent,
1379 1162 1473 1200 utile

114 1225 393 1275 :imperatoris
431 1227 620 1264 damnum
660 1227 769 1264 saluo
808 1227 976 1265 exercitu
1013 1227 1147 1265 fuisset
1186 1227 1240 1265 rei
1278 1227 1469 1277 publicae.

147 1302 427 1340 transgressum
464 1292 691 1340 Euphraten
723 1292 907 1330 Crassum
941 1299 1220 1341 petentemque
1254 1293 1471 1331 Seleuciam
1491 1305 1512 1335 4

146 1356 403 1393 circumfusus
424 1355 647 1393 inmanibus
668 1355 790 1404 copiis
811 1355 987 1404 equitum
1014 1369 1079 1394 rex
1100 1357 1252 1394 Orodes
1279 1370 1358 1394 una
1381 1370 1471 1395 cum

146 1429 253 1470 parte
274 1421 419 1459 maiore
435 1420 606 1458 Romani
626 1420 814 1458 exercitus
830 1420 1035 1458 interemit.
1077 1420 1258 1470 reliquias
1272 1421 1470 1471 legionum

146 1486 189 1524 C.
215 1485 384 1531 Cassius,
413 1484 644 1522 atrocissimi
671 1498 762 1522 mox
787 1493 923 1523 auctor
949 1485 1141 1531 facinoris,
1165 1493 1247 1523 tum
1275 1494 1468 1534 quaestor,

144 1551 392 1589 conseruauit
423 1551 651 1600 Syriamque
684 1552 785 1588 adeo
823 1550 862 1588 in
901 1550 1036 1599 populi
1072 1550 1244 1588 Romani
1277 1558 1470 1600 potestate
1491 1564 1507 1595 5

144 1615 312 1662 retinuit,
335 1623 377 1653 ut
403 1623 662 1664 transgressos
683 1615 722 1652 in
747 1628 834 1652 eam
855 1616 1020 1652 Parthos
1041 1614 1142 1652 felici
1170 1628 1297 1652 rerum
1325 1623 1470 1653 euentu

143 1681 291 1730 fugaret
311 1694 356 1718 ae
376 1682 566 1719 funderet.

198 1748 271 1783 Per
303 1748 400 1784 haec
433 1745 758 1795 insequentiaque
791 1753 829 1783 et
862 1758 963 1794 quae
996 1744 1258 1794 praediximus
1293 1752 1470 1794 tempora
1487 1755 1538 1793 47

142 1810 309 1859 amplius
330 1822 429 1848 CCCC
453 1811 560 1848 milia
588 1810 760 1848 hostium
786 1823 809 1847 a
836 1810 879 1848 C.
904 1810 1071 1848 Caesare
1097 1822 1210 1846 caesa
1236 1816 1337 1855 sunt,
1359 1810 1470 1858 plura

143 1883 257 1924 capta
271 1890 281 1922 ,-
309 1882 525 1924 pugnatum
546 1888 662 1924 saepe
689 1876 846 1913 derecta
870 1874 965 1921 acie,
989 1887 1105 1923 saepe
1133 1872 1205 1926 [in]
1233 1873 1466 1923 agminibus,

186 1990 205 2008 2
229 1984 263 2009 et
279 1980 344 2009 ΒΑ
362 1992 370 2011 t
394 1990 433 2011 ac
449 1980 483 2010 Ρ
613 1992 631 2018 4
655 1991 803 2020 querens
819 1979 852 2009 A
987 1985 1084 2010 uetus
1101 1990 1162 2018 par
1179 1979 1336 2010 Vrsinus:
1362 1980 1469 2009 uictus

144 2033 221 2062 pars
249 2023 319 2052 ΑΡ
467 2025 488 2053 6
511 2024 575 2054 hiis
601 2025 658 2055 A:
695 2025 746 2054 his
774 2023 807 2053 Ρ
891 2023 967 2062 lege
993 2033 1094 2062 quam
1121 2022 1172 2053 P:
1207 2023 1301 2061 leges
1325 2033 1409 2061 quas
1433 2022 1466 2051 A

143 2067 162 2096 8
186 2066 383 2105 prouinciae
399 2077 464 2098 om.
481 2066 514 2096 A
605 2078 625 2106 9
650 2068 713 2098 iam
741 2067 917 2097 Heinsius:
952 2067 985 2096 in
1009 2065 1086 2106 AF,
1112 2077 1180 2096 om.
1203 2065 1340 2096 Cludz’zts
1432 2075 1469 2095 12

142 2123 237 2151 terim
261 2121 293 2151 A
450 2131 488 2161 13
512 2122 678 2153 ominibus
701 2123 733 2151 A
753 2133 759 2152 :
788 2122 939 2152 omnibus
957 2121 1011 2152 P:
1039 2121 1121 2151 diris
1146 2121 1344 2150 immanibus
1372 2120 1407 2150 G.
1432 2120 1466 2149 A

142 2165 254 2195 Koclz:
279 2165 464 2195 Mommsen
488 2166 532 2194 sic
552 2167 700 2197 scribebat
722 2166 823 2196 Hunc
847 2189 854 2195 .
881 2189 888 2196 .
913 2189 920 2195 .
946 2164 1027 2195 diris
1044 2175 1118 2195 cum
1137 2164 1291 2194 omnibus
1309 2169 1329 2193 t.
1348 2174 1378 2202 p.
1399 2163 1415 2192 s
1443 2173 1468 2194 r.

143 2218 216 2240 con.
242 2212 352 2247 essent,
383 2213 631 2247 transgressum
659 2235 665 2241 .
691 2233 697 2240 .
722 2234 729 2242 ,
760 2208 896 2239 Orodes
924 2208 1092 2238 interemit
1298 2207 1369 2238 TR.
1399 2206 1464 2238 PL.

142 2251 174 2280 A
361 2262 397 2289 14
423 2262 534 2283 execr.
557 2252 628 2282 ΑΡ
749 2252 815 2282 uile
842 2251 975 2292 Lapsius
1161 2252 1199 2280 16
1224 2250 1408 2281 Seleutiam
1432 2249 1466 2279 A

145 2304 181 2333 17
207 2295 429 2325 circumfusus
447 2294 670 2326 Vascosanus:
696 2295 1013 2326 circumfusosAP:
1038 2294 1245 2325 circumfusis
1260 2294 1416 2332 Gelenius,
1430 2293 1467 2332 cf.

145 2360 214 2381 112.
234 2361 253 2389 4
391 2361 432 2389 24
457 2360 536 2381 cccc
558 2351 704 2380 hostium
723 2351 755 2380 A
773 2361 780 2381 :
804 2345 890 2381 fec.
918 2350 1064 2380 hostium
1081 2348 1114 2378 P
1213 2348 1244 2377 A
1262 2348 1287 2378 C
1312 2347 1345 2377 A
1364 2360 1371 2378 :
1395 2358 1413 2378 a
1431 2347 1466 2377 C.

140 2392 174 2422 P
318 2404 359 2433 25
383 2404 466 2434 sepe
489 2418 497 2426 .
526 2418 533 2426 .
557 2417 565 2425 .
592 2404 695 2433 saepe
712 2393 745 2423 A
840 2394 882 2424 de
906 2398 998 2424 recta
1015 2394 1046 2423 A
1065 2404 1071 2423 :
1097 2393 1222 2423 directa
1239 2391 1272 2421 P
1357 2392 1391 2421 in
1408 2391 1466 2422 del,

142 2436 168 2466 L
173 2437 275 2475 ipsius

779 2533 819 2574 65
1283 2529 1305 2563 5
