1799 2864
622 221 826 258 VELLEI
859 220 1175 260 PATERCVLI

235 343 340 368 anno
378 330 499 368 ferme
538 341 628 368 LVl:
676 331 726 369 de
764 343 844 380 quo
882 330 913 368 si
951 330 1038 379 quis
1081 329 1265 379 ambiget,
1305 336 1472 368 recurrat
1510 322 1572 367 ad*

236 394 405 444 priorem
426 396 673 433 consulatum
690 395 784 442 eius,
802 395 841 432 in
858 408 976 445 quem
993 402 1143 433 creatus
1164 402 1222 433 est
1241 407 1347 432 anno
1367 397 1390 434 †
1403 406 1534 431 xxxvi
1554 409 1560 431 z

236 460 290 498 ita
309 459 488 498 dubitare
509 459 671 498 desinet.

195 539 220 577 5
290 526 396 563 Ante
427 532 582 574 tempus
613 524 764 562 excisae
796 523 1035 562 Numantiae
1068 525 1264 573 praeclara
1296 524 1336 562 in
1368 523 1563 573 Hispania

237 589 375 627 militia
409 591 457 627 D.
496 588 604 627 Bruti
642 588 725 635 fuit,
765 588 833 638 qui
871 588 1081 637 penetratis
1120 588 1304 627 omnibus
1344 588 1562 638 Hispaniae

237 653 418 704 gentibus
452 653 600 703 ingenti
629 653 667 691 ui
702 653 909 691 hominum
939 652 1174 702 urbiumque
1204 653 1352 702 potitus
1385 666 1560 693 numero.

203 735 216 756 2
237 718 352 757 aditis
373 731 474 767 quae
494 717 559 755 uix
578 717 712 755 audita
732 725 851 764 erant,
875 717 1049 755 Gallaeci
1075 730 1296 767 cognomen
1317 717 1467 755 meruit.
1527 726 1563 754 et

237 791 328 822 ante
357 797 448 821 eum
472 782 607 832 paucis
632 782 745 820 annis
772 790 851 820 tam
880 795 1060 820 seuerum
1088 781 1225 822 *fillius
1247 783 1295 830 Q.
1313 782 1562 820 Macedonici

240 847 296 900 [in
323 847 399 900 his]
420 847 603 897 gentibus
630 847 837 897 imperium
858 847 941 894 fuit,
963 856 1016 894 ut,
1039 861 1129 885 cum
1151 848 1288 886 urbem
1310 847 1564 887 Contrebiam

238 913 399 952 nomine
446 912 486 950 in
536 912 731 962 Hispania
775 920 1029 962 oppugnaret,
1069 913 1201 962 pulsas
1239 911 1441 962 praecipiti
1478 913 1566 949 loco

239 977 414 1028 quinque
435 977 606 1016 cohortis
631 977 861 1027 legionarias
882 978 1023 1015 eodem
1045 977 1222 1026 protinus
1243 977 1373 1015 subire
1393 976 1543 1015 iuberet
1561 992 1566 1013 :

202 1060 220 1090 3
238 1042 551 1092 facientibusque
585 1042 770 1080 omnibus
801 1042 841 1080 in
870 1042 1074 1092 procinctu
1106 1049 1350 1089 testamenta,
1381 1043 1489 1080 uelut
1518 1042 1568 1079 ad

238 1115 384 1146 certam
429 1115 595 1146 mortem
641 1109 816 1146 eundum
855 1109 964 1154 foret,
1004 1120 1085 1145 non
1123 1106 1328 1145 deterritus
1366 1106 1568 1156 proposito

239 1172 565 1222 †perseuerantia
603 1172 726 1219 ducis,
766 1185 885 1222 quem
930 1171 1161 1210 moriturum
1200 1171 1357 1210 miserat
1404 1171 1566 1209 militem

239 1238 429 1276 uictorem
450 1237 618 1286 recepit:
640 1244 792 1275 tanturn
809 1236 936 1275 effecit
957 1237 1098 1275 mixtus
1114 1236 1244 1275 timori
1259 1238 1387 1286 pudor
1402 1250 1569 1286 spesque
1613 1257 1628 1285 5

241 1302 514 1352 desperatione
546 1301 732 1351 quaesita.
791 1302 855 1340 hic
886 1301 1029 1340 uirtute
1066 1315 1113 1340 ac
1151 1301 1356 1340 seueritate
1394 1301 1497 1348 facti,
1532 1310 1569 1339 at

243 1366 388 1405 Fabius
418 1366 663 1405 Aemilianus
694 1366 804 1404 Pauli
834 1368 1014 1416 exemplo
1044 1366 1274 1416 disciplinae
1304 1366 1345 1404 in
1376 1365 1571 1416 Hispania

242 1431 313 1470 fuit
333 1431 579 1470 clarissimus.

195 1495 223 1532 6
298 1499 449 1535 Decem
470 1496 615 1535 deinde
634 1495 871 1546 interpositis
892 1496 1015 1543 annis,
1038 1496 1105 1546 qui
1125 1496 1184 1534 Ti.
1209 1497 1444 1543 Gracchum,
1466 1496 1569 1534 idern

243 1561 386 1600 Gaium
425 1562 581 1599 fratrem
619 1561 702 1599 eius
741 1561 950 1611 occupauit
987 1562 1102 1608 furor,
1135 1569 1215 1599 tam
1249 1561 1458 1599 uirtutibus
1489 1561 1571 1599 eius

242 1626 427 1664 omnibus
448 1640 567 1676 quam
592 1626 682 1664 huic
709 1625 826 1664 errori
853 1625 1032 1672 similem,
1054 1625 1212 1676 ingenio
1239 1626 1355 1664 etiam
1387 1627 1571 1676 eloquen-

207 1709 222 1731 2
242 1690 374 1741 tiaque
395 1693 510 1740 longe
530 1691 862 1740 praestantiorem.
922 1691 989 1741 qui
1009 1704 1099 1729 cum
1121 1704 1275 1729 summa
1300 1690 1432 1741 quiete
1451 1691 1570 1729 animi

243 1755 412 1793 ciuitatis
449 1755 631 1805 princeps
670 1769 754 1794 esse
792 1763 936 1804 posset,
976 1757 1040 1793 uel
1077 1755 1341 1794 uindicandae
1382 1757 1572 1794 fraternae

244 1820 379 1859 mortis
399 1821 520 1870 gratia
545 1822 608 1859 uel
635 1820 968 1870 praemuniendae
998 1820 1135 1870 regalis
1165 1820 1364 1870 potentiae
1395 1820 1570 1859 eiusdem

291 1933 304 1952 1
330 1933 412 1954 var
437 1934 542 1964 marg.
569 1924 602 1953 A
773 1934 792 1953 2
816 1922 963 1963 creatus]
988 1928 1128 1954 euectus
1152 1923 1282 1953 Krause
1385 1933 1492 1954 annos
1516 1924 1549 1953 A
1567 1936 1573 1953 :

245 1977 353 1997 annos
371 1972 469 1997 natus
488 1967 588 1998 Orelli
673 1976 793 1998 xxxvx.
810 1967 899 1997 AP:
923 1977 1060 1997 xxxvnr
1076 1967 1246 1997 Puteanus
1261 1970 1290 1996 et
1304 1967 1400 1997 Kn'tz
1488 1977 1507 2006 5
1533 1968 1572 1998 D.

245 2010 379 2041 Aldus:
402 2011 443 2042 A.
462 2011 532 2040 ΑΡ
685 2012 707 2040 6
730 2010 779 2052 ui]
799 2011 843 2040 ibi
861 2010 1018 2051 Kreyssig
1104 2020 1247 2041 numero
1263 2014 1446 2050 suspectum
1464 2011 1575 2052 Ltpsio

537 2062 589 2086 cog

248 2097 265 2125 7
291 2087 418 2118 Galleci
436 2087 506 2117 ΑΡ
590 2097 716 2117 nornen
734 2088 766 2117 A
923 2088 944 2117 8
968 2087 1055 2117 illius
1071 2091 1254 2127 suspectum
1365 2087 1407 2126 Q.
1426 2087 1477 2118 P:
1500 2089 1522 2127 c]
1539 2089 1571 2117 A

246 2141 267 2170 9
292 2131 325 2160 in
342 2131 393 2161 his
417 2141 481 2161 om.
497 2131 531 2161 A
626 2142 664 2162 10
689 2132 722 2161 in
737 2131 906 2170 Hispania
917 2131 974 2162 del.
988 2131 1146 2161 Heinszus
1213 2131 1427 2170 obpugnaret
1443 2132 1477 2162 in
1494 2142 1571 2171 opp.

247 2185 292 2204 an
309 2185 387 2214 opp.
405 2175 439 2205 in
462 2175 538 2214 obp.
556 2178 727 2204 correctum
745 2175 849 2213 suerit
865 2175 898 2204 in
915 2175 947 2204 A
967 2185 1032 2204 non
1049 2174 1173 2214 dispexz'
1261 2184 1296 2204 11
1323 2175 1480 2206 cohortes
1496 2176 1529 2205 A
1547 2180 1575 2204 et

247 2218 293 2247 sic
305 2228 357 2249 20.
375 2229 395 2256 4
497 2227 536 2248 12
560 2218 660 2248 uelud
677 2219 710 2248 A
817 2228 854 2256 13
879 2218 1041 2248 deterrito
1055 2223 1107 2258 pr.
1125 2218 1157 2248 A
1175 2229 1182 2248 :
1216 2218 1376 2248 deterrita
1394 2218 1573 2249 Bur-mann

247 2265 276 2290 et
294 2262 444 2292 Alsters:
471 2261 633 2291 deterrita
653 2272 672 2291 a
695 2261 730 2291 G.
746 2262 790 2292 A.
810 2261 899 2291 Koclz
924 2286 926 2288 .
1025 2272 1063 2300 14
1087 2271 1175 2301 pers.
1193 2262 1287 2292 ducis
1306 2261 1379 2300 ΑΡ,
1400 2265 1574 2302 tamquam

243 2305 409 2344 glossema
431 2305 553 2334 eimkbat
574 2304 707 2344 Dauies,
729 2308 805 2344 post
829 2310 958 2335 tantum
982 2305 1093 2336 effecit
1120 2305 1351 2345 transponebat
1372 2305 1478 2345 Kritz,
1499 2309 1575 2346 posi

250 2348 337 2378 soret
359 2348 513 2379 Thomas.
591 2347 678 2378 Mihi
692 2348 845 2378 uidentur
857 2348 1017 2388 quaedam
1029 2348 1183 2388 exa'disse,
1199 2349 1286 2378 uelut
1303 2359 1336 2388 p.
1355 2359 1438 2379 usus
1453 2350 1573 2379 summi

249 2392 342 2422 ducis
536 2401 574 2431 15
599 2391 721 2431 r&epit
738 2392 770 2422 A
891 2392 1011 2431 pudori
1029 2393 1129 2422 timor
1144 2393 1177 2422 A
1336 2402 1372 2431 17
1396 2393 1574 2432 disciplina

249 2434 418 2465 Puteanus
574 2445 613 2476 19
635 2434 756 2466 T.AP
906 2446 949 2466 20
973 2435 1111 2477 Gaium]
1131 2435 1168 2466 C.
1187 2435 1257 2466 ΑΡ
1384 2446 1424 2475 24
1449 2436 1503 2466 uel
1522 2437 1573 2466 uel

250 2479 490 2518 praemunidae
507 2479 540 2510 A
630 2479 795 2521 prouintig
811 2479 844 2508 A

890 2554 930 2584 ²4

1593 930 1627 950 10

1594 1580 1632 1600 20
