1799 2864
650 194 855 232 VELLEI
887 196 1205 235 PATERCVLI

263 314 360 350 quas
398 309 436 340 et
470 304 614 342 Caesar
645 303 856 342 iustissimo
887 303 1020 342 animo
1053 305 1275 354 postulabat
1307 313 1344 344 et
1377 305 1588 355 Pompeius

262 379 390 416 aequo
411 367 633 417 recipiebat,
657 368 837 406 discussit
857 382 903 407 ac
923 369 1036 418 rupit,
1059 370 1174 408 unice
1201 379 1364 409 canente
1396 371 1588 410 Cicerone

262 431 497 470 concordiae
527 433 718 482 publicae.
778 434 915 470 harum
942 434 1313 485 praeteritarumque
1339 449 1466 473 rerum
1491 437 1588 474 ordo

263 509 351 533 cum
383 497 491 536 iustis
521 498 685 536 aliorum
716 498 984 536 uoluminibus
1014 508 1224 548 promatur,
1250 509 1345 548 tum,
1377 501 1432 539 uti
1462 514 1586 551 spero,

223 568 243 596 (ι
263 561 403 600 nostris
435 562 699 612 explicabitur.
758 576 864 600 nunc
894 562 1096 611 proposito
1128 564 1235 612 operi
1264 578 1333 602 sua
1359 566 1484 603 forma
1507 566 1590 603 red-

262 627 385 673 datur,
417 626 447 664 si
480 627 584 676 prius
615 628 825 677 gratulatus
858 640 923 665 ero
954 628 1002 675 Q.
1040 628 1193 675 Catulo,
1225 630 1381 668 duobus
1416 630 1589 668 Lucullis

264 692 506 741 Metelloque
527 700 564 729 et
587 690 815 737 Hortensio,
834 690 911 740 qui,
930 704 1019 728 cum
1041 691 1124 729 sine
1145 692 1293 730 inuidia
1313 693 1351 730 in
1372 707 1412 732 re
1432 694 1589 743 publica

262 756 483 794 floruissent
515 756 850 806 eminuissentque
882 756 965 794 sine
995 757 1180 806 periculo,
1214 758 1346 807 quieta
1382 767 1448 797 aut
1486 768 1589 798 certe

262 837 343 862 non
362 824 615 873 praecipitata
634 824 739 862 fatali
759 832 850 862 ante
870 824 1023 862 initium
1044 825 1235 863 bellorum
1261 825 1434 864 ciuilium
1465 836 1589 866 morte

263 889 386 928 functi
407 898 506 928 sunt.

186 961 244 997 49
320 955 488 992 Lentulo
527 962 564 992 et
604 955 793 992 Marcello
831 954 1058 993 consulibus
1096 963 1185 1004 post
1218 956 1354 994 urbem
1389 958 1589 997 conditam

263 1018 375 1056 annis
401 1023 578 1066 †Dc(:111,
607 1027 645 1058 et
674 1033 799 1058 annos
830 1031 991 1057 Lxxvul
1022 1027 1123 1067 ante,
1150 1033 1267 1070 quarn
1290 1030 1342 1069 tu,
1367 1024 1422 1061 M.
1446 1024 1587 1072 Vinici,

226 1102 241 1122 2
262 1085 509 1122 consulatum
554 1084 681 1131 inires,
722 1085 869 1123 bellum
907 1084 1022 1123 ciuile
1060 1085 1208 1124 exarsit.
1280 1088 1436 1126 alterius
1479 1090 1590 1128 ducis

262 1162 379 1186 causa
417 1148 554 1186 melior
587 1148 805 1195 uidebatur,
840 1148 997 1187 alterius
1031 1157 1111 1186 erat
1145 1149 1313 1188 firmior:
1361 1151 1424 1190 hic
1459 1154 1592 1192 omnia

262 1213 449 1262 speciosa,
501 1213 578 1252 illic
626 1214 818 1252 ualentia:
882 1214 1116 1263 Pompeium
1164 1223 1321 1254 senatus
1367 1218 1588 1266 auctoritas,

262 1281 470 1318 Caesarem
519 1279 686 1318 militum
737 1280 901 1317 armauit
949 1280 1102 1318 fiducia.
1191 1283 1372 1320 consules
1420 1292 1592 1323 senatus-

262 1357 338 1393 que
380 1357 531 1391 causae,
577 1358 657 1383 non
701 1344 892 1394 Pompeio
935 1358 1130 1382 summam
1172 1345 1309 1395 imperi
1355 1348 1587 1386 detulerunt.

225 1408 358 1450 anihil
403 1408 581 1446 relictum
628 1423 651 1446 a
690 1410 868 1455 Caesare,
909 1410 1018 1458 quod
1066 1411 1281 1448 seruandae
1320 1411 1426 1460 pacis
1473 1425 1591 1451 causa

262 1473 441 1523 temptari
473 1482 616 1523 posset,
650 1474 746 1511 nihil
778 1482 979 1523 receptum
1013 1488 1036 1512 a
1067 1475 1329 1524 Pompeianis,
1366 1490 1456 1515 cum
1494 1480 1591 1516 alter

262 1539 468 1576 consulum
490 1538 592 1576 iusto
613 1547 713 1576 esset
726 1538 900 1585 ferocior,
921 1540 1110 1577 Lentulus
1131 1553 1224 1578 uero
1245 1541 1353 1578 salua
1372 1554 1412 1579 re
1431 1542 1590 1591 publica

262 1603 392 1640 saluus
422 1616 506 1640 esse
536 1616 616 1641 non
646 1610 790 1652 posset,
824 1604 878 1640 M.
911 1611 1041 1641 autem
1073 1604 1173 1642 Cato
1207 1604 1455 1643 moriendum
1485 1614 1588 1653 ante,

262 1680 380 1716 quam
412 1669 531 1705 ullam
564 1667 841 1706 condicionem
873 1668 1006 1708 ’rciuis
1037 1668 1307 1718 accipiendam
1336 1669 1389 1707 rei
1409 1671 1591 1719 publicae

263 1733 529 1778 contenderet,
555 1732 611 1769 uir
635 1731 820 1781 antiquus
847 1740 885 1770 et
912 1732 1038 1781 grauis
1067 1733 1231 1782 Pompei
1258 1742 1385 1782 partes
1416 1736 1591 1774 laudaret

262 1796 395 1846 magis,
435 1798 608 1846 prudens
646 1806 872 1847 sequeretur
910 1799 1087 1838 Caesaris
1126 1808 1163 1838 et
1201 1800 1265 1838 illa
1308 1801 1486 1850 gloriosa,
1526 1802 1591 1840 illa

306 1913 324 1933 2
349 1902 494 1932 kauente
511 1902 544 1931 A
563 1913 569 1932 :
594 1902 730 1933 fauente
748 1902 890 1943 Madmg
1014 1916 1032 1942 4
1057 1905 1175 1935 iustius
1192 1904 1268 1943 ΑΡ,
1287 1915 1351 1935 em.
1375 1905 1531 1945 Gelenius,
1552 1907 1590 1946 cf.

264 1956 333 1986 119.
353 1956 365 1975 1
468 1956 488 1984 9
512 1946 732 1985 praecipitata
748 1947 884 1977 ciuitate
898 1947 1061 1978 Ruhnken
1077 1959 1084 1978 z
1109 1948 1283 1987 praecipiti
1301 1948 1436 1979 ciuitate
1450 1949 1593 1991 Madmjg

264 2011 300 2031 11
328 2000 454 2031 (ΣΟ-55.
479 1995 606 2032 Pte—N.
627 2001 660 2030 A
756 2012 793 2032 12
817 2004 914 2034 annis
937 2003 1026 2034 AP:
1057 2015 1086 2034 a·
1105 2014 1154 2034 cc·
1172 2014 1210 2034 111
1228 2004 1319 2034 AB:
1347 2014 1449 2034 Accm
1467 2004 1506 2043 P,
1526 2015 1587 2035 cor-

263 2044 341 2074 rexit
369 2044 516 2074 Gelenius
651 2054 689 2083 15
713 2050 799 2084 spet.
827 2046 860 2075 A
1011 2057 1047 2086 17
1073 2058 1140 2077 non
1169 2047 1258 2077 AP:
1293 2048 1431 2078 nomine
1461 2048 1591 2078 Gronov

262 2088 308 2117 ad
328 2087 413 2118 Stat.
432 2087 470 2118 S.
492 2087 536 2118 iii.
562 2098 591 2127 3.
614 2093 646 2128 p.
664 2091 728 2127 336
751 2089 796 2119 ed.
821 2089 936 2122 Hand.
974 2090 1043 2120 Sed
1062 2091 1100 2130 cs.
1126 2091 1238 2121 Lucan
1263 2101 1291 2121 v.
1318 2101 1355 2130 14
1380 2101 1447 2122 non
1474 2091 1590 2130 Magni

262 2136 386 2171 partes,
415 2131 476 2161 sed
501 2131 661 2170 Magnum
687 2133 719 2162 in
744 2133 895 2172 partibus
924 2143 1000 2164 esse
1179 2144 1217 2173 19
1241 2135 1397 2173 temptari
1422 2134 1455 2163 A
1481 2135 1586 2174 prius,

257 2189 333 2227 post
359 2186 494 2223 tentari,
523 2186 612 2225 quod
639 2186 729 2216 habel
755 2191 784 2216 el
808 2187 840 2216 P
939 2188 1046 2219 altero
1063 2187 1133 2218 ΑΡ
1219 2199 1260 2218 20
1285 2190 1381 2219 COS.
1401 2188 1458 2219 A:
1490 2188 1588 2220 COS.

261 2229 313 2260 P:
349 2240 422 2259 cum
454 2230 540 2259 alter
570 2231 747 2260 consulum
773 2230 880 2260 Halm
1021 2242 1059 2261 21
1077 2230 1201 2262 ‘saluus
1230 2232 1298 2270 del,
1329 2233 1400 2263 dein
1428 2237 1588 2272 suprascr.

263 2283 336 2303 curn
365 2273 479 2303 saluus
507 2272 540 2301 A
675 2284 715 2303 22
739 2274 966 2304 conditionem
997 2275 1066 2315 (sic)
1090 2275 1123 2304 A
1149 2276 1258 2305 omisit
1280 2277 1313 2306 in
1339 2279 1436 2314 textu,
1458 2275 1530 2306 add.
1554 2276 1588 2305 in

264 2326 367 2356 marg.
480 2316 563 2346 ciuis
586 2315 675 2346 AP:
707 2318 856 2347 cuiusuis
880 2318 1066 2349 Ruhnken:
1091 2329 1174 2348 num
1199 2330 1272 2349 cum
1299 2319 1393 2350 ciue?
1547 2329 1588 2358 23

257 2363 333 2399 post
367 2361 589 2390 contenderet
625 2361 725 2400 uulgo
762 2361 926 2401 Cuperum
957 2362 1054 2391 seculi
1081 2362 1174 2401 plene
1207 2363 1461 2403 interpunguut:
1508 2363 1592 2392 mihi

265 2403 392 2432 uidetur
412 2404 556 2432 clausula
582 2403 633 2433 uir
650 2428 656 2434 .
676 2428 682 2435 .
703 2428 709 2434 .
727 2405 866 2435 duceret
897 2405 1002 2434 artius
1043 2416 1116 2435 cum
1143 2406 1400 2445 praecedentibus
1431 2405 1590 2435 cohaerere

263 2457 364 2485 quam
391 2450 426 2475 ut
448 2447 487 2476 ab
510 2447 550 2476 iis
572 2447 775 2477 distrahatur
902 2458 943 2488 24
969 2449 1025 2479 illa
1043 2473 1049 2480 .
1069 2473 1074 2479 .
1093 2473 1100 2480 .
1119 2449 1174 2479 illa
1198 2449 1231 2479 A
1249 2460 1256 2480 ξ
1295 2450 1349 2480 illa
1364 2473 1372 2481 .
1393 2474 1399 2481 .
1418 2473 1425 2479 .
1443 2449 1527 2479 haec
1558 2448 1592 2479 P

262 2489 408 2528 gloriosa
425 2489 513 2520 AP:
537 2490 736 2530 gloriosiora
755 2490 861 2531 Cuper

904 2543 944 2574 68

1612 905 1650 926 10

1613 1558 1651 1580 20
