1799 2864
662 196 866 233 VELLEI
900 195 1217 234 PATERCVLI

282 310 367 347 foro
394 307 545 354 seditio,
568 307 731 346 ambitio
759 321 910 357 campo,
933 307 1128 346 discordia
1152 307 1267 354 curia,
1290 308 1543 356 sepultaeque
1563 320 1608 344 ac

283 374 358 412 situ
398 372 548 411 obsitae
586 372 740 419 iustitia,
773 372 959 421 aequitas,
1000 372 1189 410 industria
1227 371 1372 410 ciuitati
1412 371 1585 409 redditae
1604 386 1611 415 ;

284 437 448 476 accessit
469 441 489 477 †
505 437 692 475 militibus
705 437 924 483 auctoritas,
943 437 1094 475 senatui
1116 437 1306 483 maiestas,
1322 436 1474 475 iudiciis
1490 436 1610 486 graui-

285 510 342 540 tas
358 517 367 549 ,·
407 515 631 551 compressa
664 502 860 540 theatralis
899 501 1050 548 seditio,
1087 510 1189 540 recte
1228 501 1395 540 faciendi
1427 500 1611 539 omnibus

249 576 351 615 gaut
382 567 536 605 incussa
570 568 752 605 uoluntas
786 575 852 604 aut
883 566 1066 616 imposita
1097 566 1331 613 necessitas,
1371 568 1648 612 honoranturf,

285 640 399 673 recta.
441 645 560 681 praua
607 631 831 681 puniuntur,
872 630 1032 680 suspicit
1074 639 1275 680 potentem
1322 630 1490 676 humilis,
1532 643 1610 667 non

284 696 405 743 timet,
423 695 631 741 antecedit,
655 709 734 733 non
756 695 973 733 contemnit
993 695 1240 733 humiliorem
1261 703 1411 745 potens.
1453 695 1612 744 quando

284 775 443 799 annona
464 760 710 806 moderatior,
733 761 893 809 quando
914 773 988 809 pax
1008 759 1174 798 laetior?
1217 759 1356 797 diffusa
1385 760 1423 797 in
1455 758 1612 797 orientis

286 825 582 874 occidentisque
603 832 746 862 tractus
767 832 804 862 et
825 824 1019 873 quidquid
1036 823 1252 862 meridiano
1267 832 1333 862 aut
1349 823 1613 873 septentrione

286 890 428 936 finitur,
460 903 534 939 pax
563 896 726 938 augusta
757 887 855 941 [per]
887 888 1015 927 omnis
1047 896 1231 926 terrarum
1264 888 1368 927 orbis
1398 889 1561 937 angulos
1592 900 1614 924 a
1637 904 1674 925 10

248 965 269 995 4
287 954 578 992 latrociniorum
614 961 720 991 metu
753 961 880 991 seruat
914 953 1095 991 inmunis.
1155 953 1312 991 fortuita
1350 967 1429 991 non
1469 952 1612 991 ciuium

287 1019 575 1064 tantummodo,
599 1019 668 1056 sed
688 1018 843 1056 urbium
865 1019 1010 1056 damna
1034 1017 1217 1067 principis
1248 1017 1515 1055 munificentia
1534 1016 1616 1054 uin-

287 1083 402 1121 dicat.
454 1082 652 1120 restitutae
673 1083 787 1120 urbes
804 1082 932 1129 Asiae,
951 1082 1173 1120 uindicatae
1193 1083 1244 1120 ab
1260 1082 1406 1119 iniuriis
1424 1081 1617 1130 magistra-

286 1156 397 1185 tuum
415 1146 662 1196 prouinciae:
693 1148 820 1185 honor
840 1146 966 1196 dignis
988 1147 1263 1196 paratissimus,
1286 1160 1414 1196 poena
1434 1146 1472 1184 in
1495 1147 1616 1183 malos

290 1226 384 1258 sera,
403 1213 472 1249 sed
493 1211 624 1260 aliqua
640 1226 646 1248 :
677 1219 880 1261 superatur
899 1211 1094 1261 aequitate
1115 1204 1249 1261 gratia,
1268 1211 1431 1249 ambitio
1452 1210 1593 1248 uirtute
1611 1225 1618 1255 ;

252 1288 269 1319 5
291 1290 381 1313 nam
402 1277 528 1313 facere
545 1283 648 1313 recte
669 1275 765 1313 ciuis
786 1289 877 1313 suos
898 1275 1078 1325 princeps
1100 1275 1270 1325 optimus
1291 1275 1472 1314 faciendo
1489 1277 1616 1320 docet,

291 1354 462 1390 cumque
483 1341 530 1378 sit
552 1340 715 1390 imperio
737 1341 939 1388 maximus,
962 1343 1142 1390 exemplo
1163 1341 1286 1379 maior
1305 1349 1372 1379 est.

200 1416 267 1455 127
345 1408 450 1443 Raro
481 1405 698 1444 eminentes
729 1405 799 1443 uiri
830 1420 909 1444 non
941 1406 1090 1456 magnis
1124 1406 1367 1444 adiutoribus
1401 1407 1451 1444 ad
1485 1406 1619 1455 guber-

290 1472 462 1508 nandam
494 1471 691 1508 fortunam
718 1484 829 1508 suam
859 1470 918 1508 usi
948 1478 1049 1517 sunt,
1072 1479 1113 1508 ut
1138 1472 1218 1509 duo
1239 1470 1442 1520 Scipiones
1463 1470 1619 1508 duobus

291 1535 444 1582 Laeliis,
467 1549 566 1584 quos
587 1549 656 1585 per
676 1535 809 1573 omnia
829 1544 1097 1585 aequauerunt
1118 1535 1202 1582 sibi,
1220 1544 1262 1573 ut
1283 1535 1398 1574 diuus
1420 1537 1619 1585 Augustus
1641 1550 1679 1572 20

292 1602 347 1638 Μ.
372 1600 544 1650 Agrippa
564 1608 602 1638 et
622 1600 797 1649 proxime
817 1601 868 1638 ab
888 1614 935 1638 eo
956 1600 1107 1638 Statilio
1128 1602 1271 1647 Tauro,
1294 1600 1437 1649 quibus
1467 1599 1620 1638 nouitas

292 1664 461 1702 familiae
492 1665 599 1702 haud
631 1664 781 1702 obstitit
813 1664 1024 1714 quominus
1056 1666 1106 1703 ad
1138 1664 1363 1714 multiplicis
1395 1666 1620 1702 consulatus

257 1747 271 1767 2
293 1730 591 1778 triumphosque
608 1737 645 1767 et
660 1731 862 1779 complura
878 1729 1173 1767 nominarentur
1198 1728 1424 1767 sacerdotia.
1476 1729 1619 1767 etenim

339 1841 352 1860 1
379 1841 431 1861 arn
450 1831 523 1869 del„
541 1830 613 1860 dein
631 1831 769 1861 ambitio
786 1831 818 1860 A
969 1832 1079 1862 curiae
1096 1831 1167 1861 ΑΡ
1297 1832 1516 1870 sepultaeque
1533 1831 1602 1861 AB
1617 1843 1623 1861 z

292 1875 445 1913 sepultae
462 1874 493 1903 P
603 1885 622 1903 2
647 1875 777 1904 obsitae
795 1874 961 1905 Gelcnius:
989 1876 1166 1914 oppositae
1178 1874 1300 1906 ABP:
1324 1876 1501 1914 cbsopitae
1517 1875 1624 1915 Bergk

292 1929 311 1957 3
330 1917 579 1957 magistratibus
600 1917 749 1947 Gelenius
887 1918 1070 1949 maiestatis
1086 1924 1246 1958 suprascr.
1261 1920 1418 1949 maiestas
1437 1919 1470 1948 A
1604 1929 1623 1956 4

294 1972 417 2001 compr.
435 1960 505 1990 AF
590 1971 609 2000 5
635 1961 713 2000 imp.
738 1961 807 1990 AP
892 1972 912 2000 9
936 1963 1095 2001 quidquid
1126 1963 1183 1992 A:
1223 1963 1381 2001 quicquid
1397 1962 1431 1992 P
1516 1972 1624 2001 semp-

294 2006 465 2035 tentrione
481 2004 514 2034 A
666 2015 699 2034 11
726 2005 852 2035 imunis
876 2006 908 2034 A
1062 2015 1100 2044 15
1124 2006 1234 2044 aliqua
1253 2005 1341 2036 AP:
1365 2016 1471 2045 aequa
1493 2004 1625 2045 Lipsius

297 2050 336 2078 16
361 2048 530 2088 principes
547 2048 579 2077 A
672 2050 797 2087 optime
814 2048 973 2089 Pluygers
1076 2060 1114 2088 19
1138 2049 1199 2079 uisi
1225 2054 1302 2079 sunt
1326 2049 1359 2078 A
1451 2059 1493 2080 20
1518 2049 1625 2079 Diuus

294 2092 342 2124 P:
380 2093 420 2122 D.
439 2092 471 2121 A
605 2101 643 2121 21
671 2092 823 2130 proxime
848 2092 1008 2132 Selleffer:
1033 2093 1175 2123 maxime
1199 2092 1274 2126 AP,
1294 2093 1328 2131 cf
1352 2103 1411 2130 114
1427 2093 1492 2131 fin.
1584 2102 1624 2122 22

296 2136 376 2166 haut
400 2135 529 2165 obstitit
545 2134 578 2164 P
600 2138 629 2164 et
651 2146 755 2174 mam.
784 2136 837 2166 A:
870 2142 972 2166 aut
995 2136 1078 2167 stilit
1095 2137 1126 2166 A
1197 2137 1375 2175 quominus
1392 2136 1443 2166 P.
1468 2136 1625 2166 dominus

295 2179 327 2208 A
462 2178 654 2209 consulatos
679 2179 936 2218 triumphosque
961 2185 994 2210 et
1018 2180 1188 2219 complura
1213 2180 1285 2218 (sed
1309 2180 1423 2210 ΟιεΙΙιο
1448 2190 1557 2209 ursum
1582 2183 1626 2209 est

297 2222 493 2261 ςοῐηρΙυιεε)
519 2222 741 2253 ‹nemi-nentur
764 2228 985 2253 numerentur
1007 2224 1039 2253 A
1064 2223 1156 2265 (st'c):
1192 2228 1431 2253 enumerentur
1456 2222 1506 2255 B:
1542 2233 1626 2252 enu-

296 2271 508 2296 merarentur
534 2265 585 2296 P·
612 2267 782 2305 complura
808 2277 947 2296 numero
974 2268 1057 2297 enit·
1078 2268 1129 2297 uel
1149 2268 1247 2296 eueh-
1252 2272 1389 2297 erentur
1410 2267 1562 2301 Thomas
1587 2266 1624 2304 cs.

299 2309 359 2341 Czc.
380 2310 473 2340 Font.
495 2309 535 2339 iv.
557 2310 585 2338 8.
607 2319 648 2348 23
671 2320 812 2340 numero
837 2311 980 2349 pluiimi‚
1009 2310 1093 2341 Sall.
1118 2310 1191 2350 lug.
1213 2321 1265 2350 97.
1289 2320 1307 2348 5
1328 2320 1469 2340 numero
1492 2310 1625 2348 plures:

298 2353 526 2383 eueherentur
546 2352 769 2384 Vascosanus:
794 2354 1003 2384 eniterentur
1025 2354 1194 2384 Gelenius:
1219 2358 1452 2384 emererentur
1470 2353 1628 2382 Heinsius

300 2400 426 2425 ›nutalo
442 2396 624 2435 quominus
644 2397 685 2427 ad
708 2397 740 2426 in
762 2398 941 2436 quominus
958 2403 992 2428 et
1010 2408 1016 2428 ε
1039 2398 1150 2437 scripsi
1169 2398 1200 2427 A
1226 2401 1353 2428 secutus
1372 2396 1628 2428 nominarentur

299 2440 331 2470 lt.
344 2451 367 2472 e.
386 2440 534 2480 deslgna}
541 2444 639 2470 entur

936 2516 996 2554 138
