1799 2864
451 213 511 251 IN
540 213 784 251 VELLEIV
789 214 832 250 M
862 213 1243 252 PATERCVLVM

185 330 322 358 certam
353 323 517 366 accedat,
548 323 676 357 ceteris
703 334 797 368 quae
830 323 951 357 adhuc
978 323 1224 365 innotuerunt,
1252 329 1371 368 potest
1397 322 1511 357 uideri

185 381 416 425 probabilior.

226 438 372 483 [Nuper
387 438 519 472 Novak
525 437 736 482 pellebatur
747 437 912 471 defendit
925 444 1114 482 tamquam
1127 437 1171 471 sit
1188 438 1208 471 i.
1225 449 1258 482 q.
1272 439 1509 472 uincebatur:

185 496 287 530 cuius
305 507 391 530 usus
411 495 618 539 exemplum
639 495 736 539 apud
754 496 798 529 V.
818 506 891 528 non
911 494 1023 538 noui.]

232 564 280 597 35
300 563 319 587 2
347 564 419 587 non
447 553 571 587 uirtuti
599 552 790 587 similimus
817 553 882 587 sed
901 563 966 596 per
991 552 1115 586 omnia
1141 551 1287 595 ingenio
1312 552 1381 586 diis
1401 564 1509 597 quam

183 610 395 645 horninibus
414 610 572 655 propior.
589 611 639 644 A.

232 670 447 712 Numquam
473 668 606 702 clarius
629 667 845 712 perspicitur
873 667 959 712 quid
988 668 1167 701 Rhenano
1189 667 1400 707 debeamus,
1424 667 1509 711 quid

182 726 454 760 Amerbachio:
491 725 550 760 hic
587 726 760 760 uidelicet
794 725 882 759 uitia
918 724 1174 759 Murbacensis
1201 724 1405 768 descripsit,
1437 735 1509 757 non

182 784 358 819 correxit:
400 785 614 826 Rhenanus,
646 784 787 828 quoties
819 790 918 817 certa
945 783 977 817 ei
1006 783 1084 817 uisa
1111 789 1165 816 est
1193 781 1414 816 emendandi
1441 781 1510 817 uia.

181 841 309 876 uitium
329 841 485 883 sustulit,
504 853 549 875 ne
573 842 684 876 uerbo
702 841 851 886 quidem
870 840 906 874 id
926 853 963 875 se
981 840 1110 874 fecisse
1129 846 1295 874 testatus.
1346 839 1455 873 Velut
1475 839 1510 872 in

181 899 250 934 hoc
269 899 349 933 loco
368 899 504 933 scimus
523 899 809 933 Amerbachium
829 910 997 932 exarasse
1013 897 1112 943 quod
1127 897 1162 930 in
1178 896 1412 931 Murbacensi
1429 896 1507 938 fuit,

181 956 268 990 dicit
291 956 389 990 enirn
415 958 531 990 Burer
550 957 636 990 ‘Ex
656 963 726 990 uet.
749 957 860 990 habet
886 968 958 990 non
986 955 1106 990 uirtuti
1134 955 1360 989 simillimus.’
1402 955 1510 988 Vnde

181 1013 291 1057 igitur
322 1014 525 1048 Rhenanus
553 1014 666 1049 edidit
698 1014 733 1047 in
760 1015 795 1048 P
821 1013 857 1047 id
888 1014 986 1058 quod
1013 1025 1141 1047 omnes
1178 1024 1350 1046 numeros
1377 1013 1510 1056 proba—

182 1071 333 1105 bilitatis
360 1072 471 1105 habet
501 1072 630 1105 ‘homo
656 1071 778 1105 uirtuti
807 1071 1054 1105 simillimus'?
1108 1070 1294 1104 Nimirum
1321 1082 1363 1104 ex
1387 1082 1509 1104 emen-

181 1129 328 1163 datione
353 1129 427 1163 siue
452 1128 605 1163 aliorum
627 1129 701 1163 siue
727 1141 802 1163 sua.
854 1129 914 1163 Sic
939 1129 1035 1163 enim
1059 1130 1188 1162 Burer:
1233 1128 1317 1162 ‘sed
1346 1127 1397 1172 (ut
1426 1135 1509 1162 sunt

181 1186 284 1220 uaria
324 1186 649 1231 chirographorum
689 1186 840 1230 genera)
882 1187 1048 1231 suspicor
1090 1186 1277 1220 librarium
1319 1187 1430 1220 homo
1459 1186 1510 1220 sic

181 1244 230 1277 ho
259 1243 432 1288 scriptum
465 1256 529 1288 pro
561 1256 634 1278 non
666 1244 871 1288 aspexisse:
908 1256 995 1278 nam
1027 1244 1056 1278 si
1087 1243 1321 1288 aspirationis
1352 1245 1510 1278 caudam

181 1312 290 1345 quam
315 1313 457 1335 sursum
480 1309 638 1335 erectam
667 1302 778 1336 habet
800 1314 873 1335 non
900 1302 1044 1346 longule
1073 1302 1108 1335 in
1136 1302 1250 1335 altum
1278 1301 1509 1345 protraxeris,

180 1370 202 1392 n
223 1371 302 1393 esse
321 1359 434 1394 cuiuis
453 1370 525 1393 non
552 1359 698 1404 penitus
723 1359 987 1404 introspicienti
1010 1359 1176 1393 uidetur.'
1227 1359 1368 1402 Quibus
1387 1360 1510 1393 uerbis

181 1428 264 1450 cum
290 1417 577 1461 experimentum
602 1418 726 1451 fecerit
754 1419 868 1451 Burer
892 1418 1120 1452 coniectandi
1146 1418 1331 1462 quomodo
1350 1417 1455 1451 Immo
1475 1417 1508 1451 in

180 1486 252 1509 non
272 1480 481 1519 corruptum
506 1475 624 1518 fuerit,
649 1487 781 1520 nempe
808 1476 856 1509 ho
881 1483 915 1509 et
943 1480 990 1509 no
1016 1476 1242 1520 permutatis,
1270 1475 1507 1509 Amerbachii

181 1533 304 1573 fidem,
326 1544 398 1566 nan
425 1532 628 1575 scribentis,
660 1533 711 1567 sic
739 1533 957 1575 inlustrauit,
990 1540 1027 1567 ut
1058 1545 1116 1567 me
1144 1540 1240 1567 certe
1263 1533 1381 1566 iudice
1403 1533 1510 1566 anxie

182 1602 327 1634 semper
347 1596 381 1624 et
406 1596 490 1624 ante
515 1590 639 1624 omnia
661 1590 830 1624 uideatur
853 1591 1156 1635 perpendendum
1181 1590 1268 1635 quid
1288 1590 1345 1624 ille
1365 1590 1400 1623 in
1420 1602 1509 1634 apo—

180 1648 320 1692 grapho
340 1659 405 1682 suo
426 1648 507 1689 (A),
526 1654 561 1682 et
580 1648 773 1692 praecipue
793 1660 903 1682 manu
929 1649 1057 1692 prima,
1077 1648 1270 1692 scripserit.

228 1716 275 1749 35
295 1705 354 1738 fin.
398 1712 434 1739 at
471 1706 630 1740 Catilina
659 1717 732 1739 non
769 1706 915 1749 segnius
956 1713 1042 1740 uota
1082 1706 1172 1740 obiit
1214 1717 1324 1750 quam
1361 1706 1507 1740 sceleris

183 1762 341 1797 conandi
385 1763 537 1796 consilia
572 1763 744 1798 intererat
786 1763 919 1808 quippe
953 1763 1151 1798 fortissime
1185 1763 1365 1798 dimicans
1400 1776 1508 1809 quem

180 1820 343 1864 spiritum
365 1821 538 1865 supplitio
558 1821 735 1855 debuerat
754 1821 925 1856 reddidit.
944 1822 993 1855 A.

227 1885 312 1912 uota
330 1880 384 1913 P:
412 1885 499 1912 nota
517 1879 652 1912 Burer.
728 1879 856 1913 inierat
875 1880 919 1914 P.
999 1891 1032 1924 q.
1051 1891 1104 1924 sp.
1122 1880 1300 1924 supplicio
1319 1881 1509 1923 debuerat,

182 1936 359 1980 supplicio
376 1936 534 1970 reddidit
552 1938 596 1971 P.

231 1994 375 2028 Incerta
407 2001 462 2028 est
498 1995 675 2029 correctio
709 1995 865 2030 Acidalii
900 2000 1029 2029 canam
1070 1996 1179 2038 obsim
1223 1996 1307 2030 audi
1345 1996 1508 2041 Lipsium

182 2051 315 2095 ‘probe
333 2051 443 2086 etiam
479 2057 567 2085 nola
585 2054 694 2088 abiis:
724 2065 766 2087 ea
785 2065 878 2098 quae
897 2060 1049 2088 uouerat
1068 2053 1408 2098 destinaueratque.’

231 2110 271 2142 In
291 2109 426 2143 ultimis
461 2109 540 2151 illis,
574 2122 679 2154 quem
709 2113 887 2155 spiritum
920 2113 1099 2156 supplz'fin
1132 2111 1304 2145 debueras
1337 2112 1509 2154 reddidit,

181 2167 316 2211 duplex
346 2167 438 2200 ratio
470 2168 692 2202 emendandi
728 2168 927 2202 subicitur:
967 2176 1029 2203 aut
1059 2169 1157 2203 enim
1192 2169 1281 2203 ordo
1315 2170 1507 2203 uerborum

182 2225 297 2258 Vellei
325 2237 368 2258 ex
393 2229 470 2258 toto
496 2237 643 2269 pessum
675 2227 782 2260 datus
814 2233 878 2266 est,
906 2238 973 2260 nec
1000 2226 1140 2261 restitui
1169 2226 1301 2271 poterit
1328 2226 1396 2261 nisi
1425 2227 1509 2261 scri-

181 2282 304 2316 bendo
327 2294 431 2326 quem
449 2283 523 2317 deb.
541 2284 722 2328 supplicia
747 2285 936 2328 spiritum,
956 2285 1139 2318 redds'dl'l:
1168 2291 1229 2318 aut
1257 2284 1390 2318 excidit
1417 2284 1509 2318 anti-

181 2341 308 2374 theton
345 2340 442 2384 quod
469 2340 561 2374 soret
593 2342 782 2386 supplicio.
843 2343 926 2375 Hoc
953 2342 981 2375 si
1018 2354 1099 2376 cum
1133 2343 1312 2386 supplicio
1347 2341 1510 2376 similiter

182 2398 347 2432 sonuisse
361 2397 596 2440 concesseris,
619 2409 712 2442 quae
739 2399 939 2432 assonandi
960 2400 1050 2433 ratio
1078 2412 1099 2432 a
1118 2399 1257 2433 Velleio
1280 2399 1510 2444 frequentata

182 2462 250 2499 est,
265 2456 428 2499 (Novak,
444 2467 503 2500 pp.
523 2457 652 2499 42—44)
667 2456 875 2491 antitheton
892 2457 977 2491 illud
992 2458 1121 2502 poterit
1139 2469 1220 2491 esse
1233 2458 1418 2502 maleficio.
1448 2456 1508 2492 Sic

814 2529 874 2562 1⁵5
