1799 2864
645 215 848 253 VELLEI
880 215 1196 253 PATERCVLI

262 326 413 364 insertis
456 326 559 364 falsis
602 326 824 364 ciuitatibus
866 326 1239 375 inmunitatibusque
1281 324 1451 374 corrupti
1482 338 1586 362 corn-

263 391 440 429 mentarii
487 399 604 440 atque
652 391 785 429 omnia
826 390 950 440 pretio
998 398 1221 439 temperata,
1262 390 1460 427 uendente
1504 402 1584 426 rern

225 469 241 498 5
262 456 459 505 publicam
494 457 665 494 consule.
736 456 840 494 idem
875 455 1117 504 prouinciam
1150 457 1197 492 D.
1232 457 1352 492 Bruto
1382 454 1586 503 designato

261 521 413 558 consuli
434 522 630 559 decretam
656 520 823 559 Galliam
849 532 1040 568 occupare
1067 519 1210 565 statuit,
1235 519 1442 557 Dolabella
1468 527 1586 556 trans-

263 585 429 623 marinas
450 585 624 623 decreuit
651 585 724 623 sibi
744 599 752 630 3
780 584 959 633 interque
987 583 1209 621 naturaliter
1235 583 1516 621 dissimillimos
1540 595 1585 620 ac

261 650 415 688 diuersa
444 650 612 688 uolentis
641 649 840 687 crescebat
870 648 1017 694 odium,
1046 661 1173 697 eoque
1194 649 1237 687 C.
1262 649 1405 687 Caesar
1434 647 1586 686 iuuenis

261 715 468 753 cotidianis
490 715 639 753 Antoni
660 714 865 763 petebatur
886 713 1045 751 insidiis.

197 778 243 814 61
314 781 514 829 Torpebat
536 793 721 828 oppressa
737 778 1007 817 dominatione
1024 778 1172 816 Antoni
1189 777 1348 815 ciuitas:
1369 777 1585 827 indignatio

261 852 298 882 et
332 846 444 883 dolor
478 844 672 890 omnibus,
707 843 765 881 uis
803 844 853 881 ad
884 843 1144 881 resistendum
1184 842 1279 880 nulli
1315 844 1459 890 aderat,
1495 857 1584 881 cum

262 910 305 947 C.
337 910 480 947 Caesar
509 921 631 946 XVIIII
662 921 809 946 annum
838 907 1043 957 ingressus,
1075 907 1171 944 mira
1204 921 1320 945 ausus
1354 921 1399 945 ac
1433 921 1586 945 summa

226 985 240 1006 2
262 982 508 1020 consecutus,
531 973 683 1023 priuato
709 973 873 1011 consilio
901 973 1088 1011 maiorem
1110 980 1245 1010 senatu
1267 985 1337 1022 pro
1363 986 1403 1010 re
1430 973 1586 1022 publica

261 1038 436 1075 animum
468 1038 605 1075 habuit
636 1037 884 1087 primumque
910 1051 933 1074 a
954 1037 1114 1083 Calatia,
1138 1050 1228 1075 mox
1241 1050 1270 1074 ‘a
1291 1037 1464 1076 Casilino
1485 1046 1587 1075 uete-

262 1115 375 1139 ranos
407 1102 549 1140 exciuit
580 1110 785 1151 paternos:
816 1115 983 1151 quorum
1005 1103 1227 1150 exemplum
1252 1101 1374 1139 secuti
1394 1101 1457 1139 alii
1478 1102 1587 1139 breui

261 1167 300 1204 in
322 1168 486 1205 formam
508 1166 596 1205 iusti
618 1167 745 1205 coiere
766 1166 965 1204 exercitus.
1018 1179 1109 1204 mox
1129 1179 1217 1203 cum
1240 1165 1436 1203 Antonius
1457 1179 1589 1203 occur-

262 1233 372 1270 risset
388 1232 583 1278 exercitui‚
601 1245 719 1281 quern
741 1244 787 1269 ex
808 1230 1072 1269 transmarinis
1098 1230 1308 1280 prouinciis
1334 1230 1586 1268 Brundisium

262 1298 395 1336 uenire
430 1298 602 1344 iusserat,
638 1297 738 1346 legio
772 1296 915 1334 Martia
943 1304 981 1333 et
1013 1304 1148 1345 quarta
1179 1295 1335 1345 cognita
1363 1303 1401 1333 et
1431 1303 1587 1333 senatus

262 1365 465 1401 uoluntate
486 1370 523 1400 et
544 1361 640 1400 tanti
660 1361 813 1399 iuuenis
834 1361 966 1398 indole
986 1360 1149 1398 sublatis
1170 1359 1287 1409 signis
1307 1361 1359 1398 ad
1379 1361 1588 1398 Caesarem

262 1441 302 1465 se
341 1429 600 1465 contulerunt.
659 1439 749 1464 eum
784 1433 940 1463 senatus
974 1426 1209 1463 honoratum
1248 1424 1416 1474 equestri
1450 1432 1587 1470 statua,

227 1506 362 1542 ,aquae
401 1492 599 1541 hodieque
638 1490 677 1528 in
716 1490 847 1528 rostris
895 1489 1022 1539 posita
1067 1496 1235 1527 aetatem
1280 1488 1362 1526 eius
1401 1488 1589 1538 scriptura

263 1557 409 1595 indicat
431 1556 515 1607 (qui
542 1557 668 1594 honor
694 1569 775 1593 non
801 1554 865 1592 alii
892 1567 960 1603 per
978 1565 1060 1591 CCC
1089 1567 1214 1591 annos
1247 1567 1364 1603 quam
1393 1555 1434 1591 L.
1459 1554 1588 1591 Sullae

262 1630 299 1660 et
320 1623 392 1661 Cn.
417 1620 608 1670 Pompeio
629 1628 667 1658 et
691 1621 734 1659 C.
759 1618 917 1658 Caesari
943 1617 1185 1667 contigerat),
1209 1631 1278 1667 pro
1310 1625 1485 1667 praetore
1512 1631 1590 1655 una

262 1700 352 1724 cum
392 1685 619 1724 consulibus
651 1683 862 1733 designatis
902 1682 1034 1720 Hirtio
1072 1691 1109 1720 et
1149 1684 1276 1720 Pansa
1314 1682 1459 1720 bellum
1498 1695 1587 1719 cum

225 1763 245 1792 4
264 1751 439 1789 Antonio
470 1763 601 1800 gerere
632 1749 752 1787 iussit.
811 1749 854 1786 id
880 1747 930 1785 ab
955 1761 1002 1785 eo
1029 1760 1176 1784 annum
1198 1755 1336 1795 agente
1357 1746 1588 1784 uicesimum

310 1866 322 1885 1
350 1855 608 1892 ciuitatibusque
642 1852 731 1883 AP:
764 1852 954 1883 ciuitatibus
986 1850 1306 1889 inmunitatibusque
1339 1851 1454 1890 scripsi.
1515 1850 1590 1880 Iam

262 1899 453 1929 Pen‘zonius
477 1900 656 1937 puniuerat
685 1896 950 1926 immunitatibus
979 1895 1029 1924 uel
1053 1895 1157 1923 simile
1183 1894 1262 1933 quid
1286 1898 1360 1923 [Inte
1386 1895 1590 1924 ciuitatibus-

263 1954 327 1982 que
345 1942 489 1972 excidisse
547 1941 697 1979 corrupti
715 1939 943 1970 commentarii
961 1937 1122 1968 Ruhnken
1139 1949 1146 1968 ι
1163 1938 1330 1976 corruptis
1341 1939 1591 1968 commentariis

262 1986 352 2016 AP:
378 1985 513 2015 insertis
535 1984 626 2014 salsis
653 1984 845 2021 uitiatisque
872 1982 1021 2021 corrupti
1039 1982 1268 2011 commentarii
1297 1980 1433 2010 Cludius
1572 1991 1591 2010 2

264 2034 428 2060 temerata
441 2028 600 2058 Heinsius
609 2028 699 2067 prol).
717 2026 823 2057 Bcnll.
841 2038 847 2057 z
872 2026 1046 2065 emptitata
1061 2024 1256 2055 Cornelissen
1407 2034 1427 2062 3
1451 2025 1590 2055 consule

262 2073 296 2103 A
314 2085 320 2104 z
352 2073 451 2103 COS.
470 2071 502 2101 P
587 2082 607 2109 4
631 2070 730 2100 COS.
756 2069 827 2099 ΑΡ
911 2068 1136 2108 occuparetA
1230 2067 1403 2098 Dolabella
1417 2067 1487 2097 AF
1572 2078 1591 2106 5

263 2117 493 2147 dissimilimos
507 2114 541 2144 A
651 2125 668 2153 7
686 2118 713 2144 et
728 2116 748 2144 8
763 2114 902 2144 Antonii
919 2112 988 2142 ΑΡ
1094 2112 1114 2140 8
1137 2111 1369 2150 Torquebatur
1397 2111 1590 2141 Wmhnnou

269 2180 306 2201 Io
324 2180 423 2200 XVIIII
435 2170 467 2198 A
486 2182 492 2200 :
517 2180 626 2200 XVIIII.
639 2169 672 2198 P
760 2179 798 2198 12
816 2168 947 2198 Galatia
961 2166 1031 2196 ΑΡ
1045 2178 1052 2197 :
1069 2167 1196 2197 Calatia
1210 2166 1377 2196 Gelenius:
1393 2166 1431 2205 cf.
1446 2165 1504 2196 Cic.
1519 2166 1591 2196 ΑΜ.

265 2215 329 2246 xvi.
357 2215 377 2244 8
401 2214 469 2244 init.
497 2218 679 2244 ueteranos
710 2212 826 2251 quiqui
858 2212 1008 2242 Calatiae
1036 2210 1233 2240 et-Casilini
1258 2214 1337 2239 sunt
1365 2210 1523 2248 perduxit
1551 2210 1592 2240 ad

264 2268 360 2288 suam
378 2259 579 2287 sententiam
651 2266 688 2294 13
704 2256 798 2286 breui
815 2255 880 2284 BA
897 2267 903 2286 :
929 2256 962 2285 in
977 2254 1070 2284 breui
1087 2252 1120 2282 P
1187 2263 1224 2291 14
1243 2253 1275 2283 in
1294 2254 1433 2283 sormam
1447 2253 1467 2283 i.
1482 2253 1592 2283 coiere

265 2300 305 2341 P,
324 2312 363 2330 ex
377 2300 533 2330 Rhenum*
545 2300 770 2337 emendatione,
791 2303 827 2328 ut
843 2299 970 2329 uidetur
1056 2297 1089 2327 in
1108 2297 1212 2326 forma
1230 2297 1248 2328 i.
1266 2297 1356 2327 coire
1372 2295 1438 2325 ΒΑ
1555 2305 1593 2334 15

267 2345 495 2374 Brundusium
512 2343 583 2373 ΑΡ
678 2345 717 2372 16
742 2343 864 2372 Martio
882 2342 913 2371 A
1026 2341 1064 2371 18
1087 2345 1241 2370 senatum
1259 2340 1291 2369 A
1381 2339 1539 2378 aequestri
1556 2340 1589 2369 A

272 2408 308 2438 19
333 2399 364 2428 in
384 2399 439 2429 dcl.
459 2403 533 2429 ante
548 2398 707 2437 striptura
726 2398 793 2435 (sic)
811 2396 843 2426 A
937 2407 978 2426 20
1001 2405 1060 2426 ccc
1076 2395 1109 2424 A
1128 2407 1134 2426 :
1157 2389 1270 2425 &FP
1355 2403 1393 2423 21
1413 2393 1490 2434 Cn.]
1505 2394 1541 2424 C.
1557 2393 1590 2423 A

267 2453 326 2481 pro
345 2447 501 2481 praetore
519 2441 678 2482 Sigonius
693 2440 739 2471 ad
752 2441 826 2471 Liu.
844 2440 929 2480 Epir.
954 2440 1013 2469 118
1028 2451 1035 2470 :
1059 2449 1118 2479 pro
1137 2439 1171 2470 P.
1191 2438 1233 2470 R.
1251 2436 1321 2467 ΑΡ
1405 2446 1448 2476 23
1471 2437 1502 2467 id
1519 2436 1592 2466 add.

269 2485 416 2516 Gelenius

909 2535 947 2576 78

1612 920 1647 941 10

1612 1568 1650 1588 20
