1799 2864
605 193 1061 232 COMMENTARIVS
1092 194 1353 233 CRITICVS

363 309 408 334 10
427 309 449 342 4
475 306 560 335 ante
585 301 812 346 triumphum
835 302 1011 347 triumphi
1033 302 1112 347 (lzoc
1128 303 1228 337 linea
1246 304 1439 337 inductum
1458 303 1524 347 est)
1545 303 1642 338 diem

317 357 377 391 A:
405 364 491 392 ante
510 358 683 404 triumphi
702 359 800 394 diem
819 360 863 394 P.

367 415 476 459 Quod
503 416 605 451 dedit
632 418 903 452 Amerbachius
929 429 972 451 ex
999 418 1249 463 dittographia
1273 425 1394 452 ortum
1418 419 1540 460 credo,
1559 422 1646 453 ante

383 473 529 502 triumplu·
538 473 614 499 diem

314 507 549 551 triumphum
626 535 633 551 ‚
661 520 728 543 nec
754 509 860 543 facile
889 508 1023 543 dixeris
1050 513 1136 543 ante
1164 509 1399 555 triumphum
1417 510 1463 543 V.
1488 521 1535 544 an
1560 513 1645 543 ante

316 565 507 609 triumphi
521 566 617 599 diem
637 567 831 611 scripserit.
877 569 977 601 Nam
997 568 1077 610 hoc,
1096 574 1286 613 tamquam
1305 569 1540 612 glossemate,
1555 567 1644 602 illud

317 623 491 667 explicari
512 631 666 668 poterat.

363 692 396 715 11
417 691 436 715 2
461 682 574 716 {mani
594 683 703 717 etiam
724 683 816 717 acha
835 694 896 717 eos
914 683 994 723 del„
1012 683 1096 717 dein
1113 685 1409 728 suprascriptum
1428 684 1575 718 achaeos
1593 683 1644 724 A,

317 739 416 773 unde
443 740 592 784 colligas
620 741 905 775 Ainerbachium
937 741 1036 784 prius
1071 741 1261 786 scripsisse
1295 743 1394 786 quod
1429 742 1464 775 in
1493 742 1644 775 Murba-

316 797 416 831 censi
436 797 636 841 inuenerat,
655 805 786 842 postea
804 798 963 832 iunxisse
983 810 1075 843 quae
1093 798 1142 833 ibi
1161 799 1278 833 diuise
1297 799 1432 844 scripta
1450 806 1563 834 erant.

364 866 407 899 14
431 865 443 888 1
472 867 560 889 nam
578 855 789 890 militarium
809 855 1067 899 (coloniarum)
1088 863 1122 890 et
1142 868 1254 890 causa
1273 863 1308 890 et
1326 864 1493 891 auctores
1511 857 1595 891 ΑΡ.

366 914 482 946 Burer
504 913 590 956 legit
618 925 758 954 causae,
777 913 943 957 ‘apiculo
962 914 1022 948 illo
1049 925 1120 958 quo
1147 915 1185 948 fit
1211 914 1462 959 diphthongus
1488 915 1644 949 abraso!

319 970 469 1013 Quanta
488 970 531 1004 sit
550 970 677 1004 Bureri
697 971 788 1005 fides
806 971 1021 1015 planissime
1035 972 1122 1006 hinc
1141 972 1332 1007 docemur:
1356 984 1430 1007 non
1442 973 1644 1007 fefellerant

317 1039 400 1062 eum
420 1039 512 1072 quae
529 1040 597 1062 nec
614 1029 763 1063 Amerb.
782 1040 851 1063 nec
872 1030 1073 1063 Rhenanus
1092 1029 1274 1063 uiderant.

364 1129 406 1163 14
424 1129 444 1153 2
472 1119 600 1154 Setina
617 1121 673 1154 P:
702 1091 818 1154 §3333
843 1132 865 1154 a
893 1121 972 1164 (hoc
988 1120 1071 1164 del.)
1091 1121 1142 1155 A.
1181 1122 1338 1155 Erasain
1356 1133 1380 1155 a
1396 1121 1554 1156 litteram
1572 1133 1644 1156 non

1065 1187 1081 1203 a

317 1216 454 1244 temere
476 1211 652 1256 scriptam
678 1223 781 1245 reor:
811 1211 929 1246 fuerat
957 1212 1096 1254 Setina,
1116 1213 1149 1246 h.
1169 1223 1199 1246 e.
1221 1213 1353 1246 Setina
1377 1220 1582 1248 correctum
1609 1212 1645 1247 in

317 1269 433 1302 Selia.

363 1328 406 1360 16
426 1336 445 1369 3
481 1331 554 1360 una
591 1327 677 1369 (una
709 1328 758 1371 P)
795 1327 954 1372 priscam
988 1328 1088 1362 illam
1121 1336 1156 1362 et
1194 1334 1357 1362 ueterem
1391 1329 1459 1363 sub
1495 1328 1646 1363 Cratino

316 1384 636 1429 Aristophaneque
656 1385 837 1430 Eupolide
863 1385 1093 1420 comoediam
1119 1398 1162 1420 ac
1192 1398 1328 1420 nouam
1355 1386 1536 1421 comicam
1564 1388 1646 1420 Me-

317 1443 461 1476 nander
478 1444 725 1487 aequalesque
743 1443 821 1477 eius
840 1470 847 1477 .
867 1471 874 1477 .
894 1470 902 1482 ,
922 1444 1106 1478 inuenere.
1124 1444 1172 1478 A.

362 1499 611 1544 Aristophane
642 1501 674 1535 &
703 1501 886 1546 Eupolide
909 1503 952 1535 P.
991 1502 1220 1536 Menandrus
1247 1503 1292 1544 P,
1323 1503 1424 1536 nilez'l
1449 1503 1648 1536 aduolauit

315 1557 453 1591 Burer.

366 1615 473 1658 Quod
499 1616 611 1650 Orelli
639 1616 753 1650 edidit
780 1617 1105 1661 Arz'sloplzaneque
1129 1621 1164 1651 et
1188 1618 1386 1662 Eupolide,
1405 1618 1442 1652 id
1467 1618 1646 1663 Kreyssig

316 1672 526 1707 adfirmauit
554 1685 596 1708 ex
619 1683 669 1716 17.
694 1684 707 1708 1
738 1675 937 1709 Caecilium
962 1676 1246 1720 Terenlz'umque
1270 1680 1305 1709 et
1329 1677 1550 1722 Afi‘am‘um‚
1579 1689 1647 1711 nec

316 1731 520 1775 quidquam
544 1739 633 1776 puto
660 1732 882 1776 probabilius
907 1733 1095 1767 inuentum
1120 1733 1171 1767 iri.
1221 1735 1271 1767 At
1292 1735 1391 1779 quod
1411 1735 1454 1769 G.
1473 1736 1517 1768 A.
1540 1736 1647 1768 Koch

319 1788 486 1832 (Quaest.
514 1790 608 1823 Vell.
636 1801 670 1834 p.
691 1789 726 1832 7)
757 1802 891 1824 nonam
923 1790 1032 1835 [uim]
1069 1793 1242 1825 comz'cam
1278 1791 1512 1826 scribendum
1547 1800 1647 1826 ratus

318 1853 383 1886 est,
419 1847 552 1880 adlatis
588 1847 756 1882 uersibus
793 1849 833 1882 C.
866 1849 1035 1883 Caesaris
1063 1849 1109 1882 de
1143 1849 1317 1883 Terentio
1342 1850 1505 1883 Lenibus
1537 1855 1648 1894 alque

317 1905 465 1938 utinam
494 1905 615 1938 uerbis
644 1906 820 1940 adiuncta
844 1906 949 1950 sorel
977 1908 1038 1939 uis
1070 1907 1223 1949 Comica,
1260 1911 1302 1940 ul
1334 1912 1489 1951 aequato
1522 1909 1648 1941 uiriles

309 1963 470 2007 polleret
507 1963 643 1996 honore
686 1964 777 1997 Cum
815 1965 964 1998 Graecis
997 1976 1112 2008 neque
1149 1966 1189 1998 in
1221 1964 1290 1998 hac
1321 1966 1507 2009 despectus
1540 1968 1649 2010 parte

318 2021 464 2061 iaceres,
483 2020 623 2054 nullum
651 2021 711 2054 hic
738 2022 858 2055 locum
885 2021 993 2055 uideo
1019 2022 1082 2056 tali
1109 2022 1298 2064 uocabulo,
1326 2023 1541 2066 praesertim
1563 2035 1647 2057 cum

319 2076 356 2111 in
386 2078 594 2112 Menandro
628 2079 915 2124 aequalibusque
950 2079 1026 2114 eius
1062 2091 1136 2113 non
1172 2079 1227 2114 uis
1257 2080 1410 2122 comica,
1437 2092 1508 2125 qua
1534 2081 1648 2115 risum

319 2136 574 2180 spectantibus
609 2144 807 2179 mouerent,
852 2138 1073 2179 laudaretur,
1115 2138 1179 2172 sed
1214 2135 1372 2180 ἧθοποιία
1407 2138 1530 2172 iuncta
1564 2150 1647 2172 cum

320 2204 490 2227 sermone
510 2194 580 2228 leni
600 2200 636 2227 et
655 2205 746 2238 puro
765 2201 799 2228 et
819 2195 1014 2240 aequabili.
1067 2195 1305 2229 Praetulerim
1323 2197 1427 2229 uiam
1446 2197 1546 2241 quod
1564 2203 1648 2241 post

319 2262 456 2284 nouam
471 2251 576 2284 facile
595 2251 761 2285 excidere
781 2259 922 2296 poterat
937 2264 944 2295 ;
981 2265 1078 2286 noua
1096 2253 1156 2287 uia
1174 2254 1314 2287 comica
1332 2260 1388 2287 est
1401 2254 1493 2297 καινὴ
1505 2254 1648 2298 μέθοδος

319 2307 454 2353 κωμική,
474 2309 516 2342 ‘a
535 2321 613 2343 new
632 2309 750 2346 comic
769 2311 860 2353 style
873 2310 880 2323 ’
899 2311 956 2344 uel
976 2310 1126 2344 ‘mode’

366 2368 410 2400 16
430 2377 451 2409 4
478 2366 779 2411 philosophorum
804 2378 947 2412 quoque
972 2367 1118 2411 ingenia
1147 2368 1336 2403 Socratico
1360 2380 1422 2402 ore
1449 2369 1649 2403 defluentia

319 2424 483 2458 omnium
510 2436 601 2469 quos
632 2426 740 2469 paulo
774 2433 859 2460 ante
885 2426 1181 2460 enumerauimus
1207 2427 1292 2460 ΑΡ.
1346 2427 1497 2461 Ultimis
1525 2427 1648 2462 uerbis

957 2492 1015 2530 148
