1799 2864
711 220 879 256 LIBER
911 219 951 255 II

174 330 288 368 flixit:
323 330 432 368 cuius
459 330 657 368 commissi
685 330 901 379 patratique
928 331 1000 368 sub
1028 330 1120 379 ipsis
1148 330 1354 368 moenibus
1382 331 1491 368 focis-

172 408 248 444 que
290 394 394 432 urbis
439 396 642 432 Romanae
681 394 945 443 pugnantibus
988 394 1334 443 spectantibusque
1372 408 1489 443 quam

172 459 283 497 fuerit
317 466 480 496 euentus
514 458 729 505 exitiabilis,
761 458 825 496 uix
858 458 987 496 uerbis
1017 458 1177 507 exprimi
1208 466 1345 507 potest.
1404 466 1491 507 post
1513 470 1529 498 4

172 525 247 561 hoc
267 536 356 561 cum
378 530 586 571 utrumque
607 522 817 560 exercitum
838 524 945 560 uelut
969 536 1106 572 parum
1131 523 1234 560 bello
1262 523 1490 559 exhaustum

134 605 150 634 5
172 588 353 624 laceraret
374 586 604 636 pestilentia,
628 588 700 625 Cn.
726 587 937 636 Pompeius
958 586 1135 625 decessit.
1186 586 1296 624 cuius
1317 586 1492 624 interitus

116 927 152 947 10

116 1568 153 1588 20

138 1891 152 1921 5
174 1877 353 1915 reddidit.
407 1878 461 1913 M.
486 1875 693 1921 Antonius,
712 1875 892 1924 princeps
913 1873 1080 1912 ciuitatis
1100 1881 1218 1923 atque
1239 1872 1497 1922 eloquentiae,

172 652 351 700 uoluptas
388 651 620 689 amissorum
654 659 720 689 aut
753 651 883 701 gladio
916 659 982 689 aut
1016 652 1155 689 morbo
1189 651 1334 688 ciuium
1370 664 1493 700 paene

170 715 316 752 damno
358 723 561 764 repensata
602 724 670 761 est,
710 717 958 764 populusque
999 718 1203 753 Romanus
1245 728 1362 765 quam
1401 715 1494 752 uiuo

171 778 412 817 iracundiam
440 780 638 826 debuerat,
666 779 705 817 in
733 793 873 829 corpus
898 780 1040 818 mortui
1065 779 1240 818 contulit.
1300 793 1367 817 seu
1393 781 1494 817 duae
1514 793 1529 822 5

171 856 239 881 seu
273 851 348 881 tres
380 844 657 893 Pompeiorum
688 846 793 882 fuere
824 844 1002 891 familiae,
1034 844 1181 893 primus
1212 843 1294 881 eius
1325 843 1494 881 nominis

171 915 262 945 ante
299 921 424 946 annos
462 910 540 946 fere
578 920 716 946 CLXVII
753 910 801 957 Q.
839 908 1050 958 Pompeius
1088 922 1178 946 curn
1218 909 1289 946 Cn.
1332 907 1495 945 Seruilio

172 974 309 1010 consul
347 972 428 1011 fuit.
502 973 631 1012 Cinna
663 981 700 1012 et
737 974 884 1012 Marius
918 975 1024 1012 haud
1058 972 1269 1011 incruentis
1301 972 1532 1022 utrimque6

172 1037 449 1075 certaminibus
470 1037 583 1076 editis
605 1038 741 1075 urbem
764 1046 1066 1088 occupauerunt,
1090 1039 1159 1076 sed
1179 1037 1282 1086 prior
1302 1037 1495 1086 ingressus

173 1101 301 1140 Cinna
321 1103 370 1139 de
391 1102 616 1151 recipiendo
640 1102 766 1140 Mario
787 1104 912 1152 legem
934 1102 1029 1140 tulit.

228 1168 324 1204 Mox
367 1168 410 1205 C.
454 1167 601 1204 Marius
640 1167 823 1216 pestifero
862 1167 1013 1205 ciuibus
1056 1166 1134 1204 suis
1173 1165 1298 1204 reditu
1341 1165 1496 1203 intrauit
1515 1177 1566 1205 22

175 1231 339 1269 moenia.
417 1231 512 1269 nihil
560 1232 625 1269 illa
662 1231 825 1269 uictoria
872 1231 1005 1270 fuisset
1044 1230 1250 1276 crudelius,
1295 1230 1366 1267 nisi
1406 1243 1496 1267 mox

173 1297 332 1334 Sullana
351 1303 452 1334 esset
473 1304 630 1343 secuta3
659 1309 787 1346 neque
808 1295 963 1334 licentia
982 1295 1200 1345 gladiorum
1221 1294 1259 1331 in
1285 1293 1498 1332 mediocria
1520 1315 1531 1334 2

172 1360 376 1407 saeuitum,
421 1361 490 1398 sed
538 1359 787 1398 excelsissimi
836 1373 994 1409 quoque
1040 1367 1157 1408 atque
1199 1357 1497 1396 eminentissimi

173 1425 339 1463 ciuitatis
371 1425 442 1463 uiri
473 1424 587 1462 uariis
620 1424 898 1474 suppliciorum
930 1424 1136 1473 generibus
1167 1423 1319 1461 adfecti.
1379 1422 1418 1459 in
1452 1422 1497 1459 iis

174 1491 311 1528 consul
347 1489 547 1535 Octauius,
581 1489 638 1526 uir
672 1488 859 1526 lenissimi
893 1488 1024 1534 animi,
1060 1487 1165 1525 iussu
1201 1487 1352 1526 Cinnae
1386 1486 1498 1524 inter-

174 1555 296 1592 fectus
331 1561 398 1591 est.
460 1554 612 1591 Merula
643 1561 785 1599 autem,
819 1553 886 1602 qui
917 1566 957 1590 se
992 1553 1064 1590 sub
1095 1554 1311 1589 aduentum
1346 1550 1497 1589 Cinnae

173 1620 379 1656 consulatu
408 1617 668 1663 abdicauerat‚
701 1617 831 1655 incisis
861 1617 971 1655 uenis
1002 1618 1284 1665 superfusoque
1313 1615 1498 1653 altaribus

173 1683 372 1732 sanguine,
402 1696 500 1732 quos
528 1696 644 1731 saepe
668 1695 737 1731 pro
768 1683 890 1720 salute
920 1681 972 1720 rei
1002 1681 1183 1730 publicae
1213 1681 1355 1717 flamen
1386 1679 1498 1717 dialis

174 1755 351 1797 precatus
373 1754 452 1785 erat
473 1748 580 1792 deos,
603 1760 670 1784 eos
691 1746 729 1783 in
751 1745 1057 1784 exsecrationem
1079 1745 1230 1783 Cinnae
1251 1743 1498 1793 partiumque

174 1812 256 1850 eius
284 1819 367 1849 tum
392 1818 570 1860 precatus
599 1810 746 1860 optime
778 1811 827 1848 de
857 1824 896 1848 re
926 1809 1084 1859 publica
1113 1808 1293 1846 meritum
1321 1807 1498 1857 spiritum

173 1941 310 1991 gladiis
332 1940 510 1986 militum,
533 1953 632 1989 quos
652 1939 757 1988 ipsos
782 1939 965 1977 facundia
991 1952 1060 1976 sua
1080 1945 1252 1975 moratus
1280 1944 1370 1982 erat,
1393 1936 1498 1974 iussu

221 2056 233 2075 1
262 2044 435 2083 paratique
452 2043 484 2072 A
577 2042 728 2081 focisque
748 2041 847 2072 Voss:
871 2042 1039 2080 sociisque
1051 2040 1140 2071 AF:
1164 2041 1330 2079 fossisque
1345 2040 1501 2069 Heinsius

172 2092 201 2117 et
217 2088 369 2127 Bentley:
395 2087 565 2125 oculisque
583 2086 716 2125 Lipsius
731 2097 737 2116 z
762 2086 926 2124 tectisque
946 2085 1144 2115 Cornelissen
1275 2094 1294 2121 3
1320 2083 1432 2112 uerbis
1450 2082 1500 2112 P:

174 2132 223 2161 bis
240 2131 272 2160 A
365 2140 383 2169 5
408 2134 481 2160 ante
497 2130 643 2160 decessit
660 2129 828 2169 supplebat
844 2129 977 2169 Sauppe
994 2129 1036 2158 de
1053 2128 1148 2158 caelo
1167 2131 1276 2157 tactus
1295 2127 1344 2156 uel
1360 2126 1499 2155 fulmine

174 2187 259 2216 ictus
372 2197 393 2224 9
417 2195 476 2215 seu
494 2189 561 2214 tres
578 2184 628 2213 P:
652 2195 689 2214 se
711 2188 745 2213 ut
764 2194 817 2213 res
833 2183 866 2212 A
995 2193 1033 2212 10
1056 2192 1169 2212 chvn
1188 2181 1253 2211 ΒΑ
1271 2193 1277 2211 :
1302 2191 1430 2210 Cvaui
1449 2180 1500 2211 P:

174 2239 290 2259 CLxxn
309 2229 454 2258 Lanrent
524 2228 563 2266 Q.
584 2228 752 2258 Gelenius:
776 2237 874 2265 quem
891 2226 924 2255 A
943 2237 949 2256 :
973 2237 1072 2265 quam
1088 2225 1121 2255 P
1210 2235 1244 2255 11
1265 2225 1418 2263 utrinque
1434 2223 1504 2252 ΑΡ

178 2295 213 2322 14
232 2283 286 2317 C]
302 2279 372 2314 CN,
388 2282 420 2311 A
439 2294 445 2313 ε
469 2282 539 2313 CN.
556 2281 589 2311 Ρ
678 2283 715 2311 16
732 2282 764 2311 in
780 2281 937 2311 mediocri
949 2280 981 2309 A
1000 2292 1006 2311 :
1031 2280 1238 2310 immediocri
1252 2279 1282 2309 Β
1297 2290 1304 2309 :
1330 2279 1363 2308 in
1376 2278 1499 2308 medio-

174 2328 259 2357 creis
273 2326 323 2357 P:
350 2326 381 2356 in
400 2325 577 2356 mediocris
590 2325 782 2355 Acidalins:
815 2325 848 2354 in
867 2324 1047 2354 mediocria
1064 2323 1193 2363 Popma
1328 2332 1364 2360 17
1390 2321 1498 2351 excel-

173 2371 327 2400 sissimae
347 2379 480 2408 quoque
505 2379 534 2400 a.
555 2368 843 2398 eminentissimae
861 2367 935 2407 ΑΡ,
954 2378 1016 2398 em.
1038 2367 1194 2396 Iiez'nsins
1306 2376 1347 2395 20
1370 2365 1499 2395 Cinnae

174 2414 273 2445 COS.
297 2413 368 2442 ΑΡ
496 2422 536 2450 23
561 2421 672 2442 execr.
690 2411 759 2440 AF
852 2411 996 2450 partium
1012 2421 1088 2449 quae
1106 2409 1136 2438 A
1271 2419 1312 2448 24
1337 2420 1380 2438 an
1399 2410 1499 2439 tunc?

176 2460 346 2497 pra&atus
363 2456 394 2486 A
530 2464 571 2494 25
595 2455 789 2485 Anthonius
806 2454 838 2484 A

822 2537 860 2569 39
