1799 2864
581 197 1035 236 COMMENTARIVS
1066 198 1326 237 CRITICVS

294 301 441 337 uicisset
459 309 582 338 autem
608 303 832 339 Octauianus
853 305 922 349 (79.
943 304 988 350 5),
1008 317 1081 339 non
1102 312 1244 351 poterat
1268 306 1314 340 de
1338 305 1407 340 alio
1431 317 1615 351 quoquam

296 359 454 404 intellegi
482 360 568 395 illud
597 362 641 396 de
673 364 793 396 eodem
826 374 936 408 quam
963 364 1009 398 de
1037 363 1243 398 Octauiano
1259 378 1267 406 3
1309 375 1427 409 neque
1457 364 1617 399 absurde

293 429 405 463 quern
423 417 559 453 totiens
578 418 757 461 intulerat,
784 432 907 455 rursus
925 421 1001 456 eius
1019 421 1241 456 mentionem
1269 421 1417 464 faciens,
1435 422 1480 455 ab
1496 422 1616 456 eodem

295 475 456 510 dicturus
475 483 565 511 erat.

343 536 394 578 89
418 544 430 567 1
461 535 599 569 Caesar
616 542 736 570 autern
754 548 920 571 reuersus
946 536 980 570 in
1002 536 1144 571 Italiam
1163 544 1273 582 atque
1291 538 1418 572 urbem
1443 548 1615 572 occursus

293 602 366 636 quo
384 592 507 627 fauore
525 593 686 627 omnium
704 593 877 628 aetatium
896 594 1064 629 ordinum
1084 603 1255 639 exceptus
1274 595 1329 629 sit.
1347 595 1431 630 AF.

343 651 436 693 Hoc,
457 649 548 684 sicut
567 650 602 684 in
616 651 874 696 APscriptum
893 659 959 693 est,
975 651 1117 686 retinuit
1135 652 1299 695 Kritzius‚
1315 660 1413 687 ratus
1428 653 1617 696 exfizuore

292 707 454 752 pendere
480 708 662 752 duplicem
689 708 886 753 genitiuum
914 721 1084 744 occursus
1109 717 1144 744 et
1169 711 1344 753 omnium,
1371 709 1615 755 allegauitque

294 774 347 809 50.
367 775 388 808 4
406 768 587 800 exercilus
604 794 611 801 .
631 793 638 800 .
659 793 668 801 .
687 768 807 811 ipsius
824 768 1008 801 aduentus
1031 768 1159 812 zagora>
1184 779 1226 802 ac
1235 769 1393 813 fulgore
1409 771 1614 813 occupatus,

292 823 354 857 ubi
373 830 497 857 tamen
512 825 676 858 aduentu
689 831 744 858 est
764 824 799 858 in
817 825 853 858 A
859 826 893 858 Ρ
907 838 914 866 ;
942 835 997 859 21.
1012 835 1034 867 4
1051 827 1156 859 cuius
1167 837 1215 860 sc.
1233 826 1298 859 Cn.
1319 825 1469 870 Pompei
1486 828 1615 860 interi-

289 885 352 914 tus
370 882 564 926 uoluptas:
592 881 793 926 genitiuum
811 889 935 917 autem
953 884 1166 927 occursusf
1184 882 1235 917 sic
1251 883 1443 928 explicauit
1463 890 1500 917 ut
1519 891 1614 918 esset

291 939 396 973 fauor
414 939 473 984 qui
492 940 699 974 declaratur
715 951 878 982 occursu,
897 940 955 974 uel
974 940 1035 986 qui
1053 940 1211 975 cernitur
1228 940 1263 974 in
1281 952 1444 975 occursu.

339 997 382 1031 Id
410 1009 491 1031 curn
522 996 700 1031 difficilius
729 997 784 1041 sit,
812 997 933 1032 nescio
960 1009 1008 1032 an
1033 998 1276 1042 praeferenda
1301 998 1345 1032 sit
1372 998 1483 1042 Lipsii
1513 998 1616 1041 ratio,

289 1054 481 1089 scribentis
499 1066 572 1098 quo
589 1067 752 1098 occursu,
783 1056 895 1089 modo
914 1067 959 1090 ne
978 1057 1047 1090 hoc
1065 1055 1202 1099 ordine,
1219 1057 1284 1090 sed
1304 1056 1446 1090 inuerso
1464 1067 1616 1090 occursu

287 1124 371 1156 quo.
423 1114 521 1146 Nam
547 1112 623 1147 siue
649 1112 782 1147 excidit
808 1120 892 1147 ante
909 1125 982 1157 quo
1006 1113 1233 1158 geminatum
1258 1115 1424 1153 alterurn,
1444 1113 1520 1148 siue
1544 1125 1617 1158 quo

289 1170 339 1204 ita
370 1170 518 1204 inducto
546 1178 584 1204 ut
611 1178 817 1215 superesset
844 1179 967 1206 tamen
991 1183 1023 1215 q,
1042 1173 1113 1205 hoc
1139 1183 1222 1206 cum
1246 1183 1319 1206 non
1344 1172 1616 1216 intellegeretur

290 1227 379 1273 quid
406 1234 512 1270 esset,
543 1240 610 1272 pro
637 1240 812 1273 occursuq
843 1236 1031 1263 exaratum
1061 1236 1116 1264 est
1146 1241 1325 1273 oscursus,
1352 1242 1425 1264 non
1456 1230 1616 1264 absurde

291 1286 493 1330 explicatur
518 1285 554 1320 id
581 1287 679 1331 quod
706 1288 842 1321 habent
860 1288 945 1321 AF.
996 1288 1078 1321 Nec
1104 1289 1258 1321 multum
1284 1287 1388 1322 aliter
1415 1298 1490 1331 103.
1509 1298 1530 1330 4
1548 1299 1613 1332 pro

289 1355 334 1378 eo
353 1344 449 1388 quod
475 1350 530 1378 est
556 1356 692 1378 manus
715 1344 1174 1390 spemquerAmerbachius
1203 1345 1303 1380 dedit
1329 1357 1497 1390 manusq.
1515 1349 1613 1390 spem

284 1413 390 1446 quae.

336 1461 424 1504 895
454 1460 664 1494 consulatus
703 1461 958 1495 tantummodo
999 1471 1114 1506 usque
1147 1462 1194 1496 ad
1235 1461 1467 1496 undecimum
1502 1473 1613 1507 quem

1465 1525 1613 1551 impetrare

287 1550 516 1585 continuaret
546 1552 686 1585 Caesar
711 1563 793 1586 curn
826 1564 935 1597 saepe
969 1552 1138 1587 obnitens
1165 1560 1404 1598 repugnasset
1432 1553 1612 1598 imperare

285 1608 414 1653 potuit.
434 1609 482 1643 A.

332 1678 441 1711 quem
459 1668 569 1700 etiam
587 1667 631 1701 P.
729 1667 923 1713 impetrare
939 1670 995 1703 P:
1025 1668 1208 1714 impetrari
1229 1670 1410 1703 Gelenius.

336 1724 531 1758 Maduicus
549 1725 640 1759 haec
659 1725 709 1759 sic
727 1725 881 1760 correxit
895 1726 1052 1760 Aduers.
1068 1726 1099 1760 ii.
1116 1728 1194 1770 308,
1211 1728 1430 1761 Consulatus
1449 1733 1610 1761 tantum-

285 1783 396 1817 modo
415 1794 529 1827 usque
548 1784 594 1817 ad
613 1783 846 1818 undecimum
864 1785 956 1828 quin
983 1784 1210 1819 continuaret
1231 1786 1376 1826 Caesar,
1395 1796 1478 1819 cum
1501 1796 1611 1828 saepe

285 1840 455 1875 obnitens
474 1848 728 1885 repugnasset,
748 1840 942 1886 impetrare
968 1853 1041 1875 non
1068 1841 1195 1886 potuit,
1214 1841 1340 1876 addita
1359 1843 1428 1876 hac
1453 1841 1610 1886 explica-

282 1897 381 1932 tione
407 1897 558 1942 ‘Agitur
581 1899 626 1933 de
649 1901 808 1934 Caesare
827 1901 994 1944 Augusto
1022 1907 1147 1935 uetera
1166 1899 1329 1934 instituta
1347 1907 1554 1942 reuocante,
1575 1900 1609 1934 in

283 1967 356 1989 una
374 1962 498 1990 tamen
517 1968 555 1990 re
572 1967 669 1990 noua
686 1964 721 1991 et
741 1955 884 1990 ciuilem
908 1958 1058 1991 modum
1081 1957 1293 1992 excedentia
1311 1958 1433 1992 subire
1457 1959 1610 1992 coacto?

285 2014 414 2058 Itaque
443 2015 696 2048 tantummodo
725 2013 859 2048 rettulit
893 2015 941 2048 ad
975 2027 1085 2049 unam
1120 2015 1219 2049 illam
1253 2027 1330 2050 rem
1370 2028 1441 2061 qua
1474 2016 1608 2061 populo

283 2071 419 2105 cedens
454 2070 595 2105 ciuilem
631 2072 779 2105 modum
814 2083 981 2116 egressus
1015 2080 1092 2116 est;
1136 2074 1368 2108 consulatum
1401 2073 1498 2108 enim
1536 2086 1608 2109 non

282 2128 399 2173 potuit
420 2128 615 2173 impetrare
633 2142 655 2163 a
673 2131 808 2174 populo
832 2129 918 2175 quin
946 2131 1117 2166 undecies
1140 2138 1293 2176 gereret,
1313 2131 1480 2176 quamuis
1498 2143 1608 2177 saepe

283 2186 518 2221 obniteretur.
1085 2226 1087 2228 .

331 2245 376 2278 In
403 2244 459 2279 his
485 2257 558 2279 non
587 2244 721 2280 infitior
745 2245 852 2280 ualde
878 2245 965 2279 mihi
992 2246 1182 2291 displicere
1208 2259 1280 2280 non
1311 2254 1437 2281 contra
1463 2247 1606 2282 codices

282 2301 463 2346 ingestum
494 2315 516 2337 a
549 2303 731 2346 Maduko,
752 2303 966 2348 praesertim
995 2304 1084 2339 citra
1110 2304 1380 2348 necessitatem,
1408 2316 1490 2339 curn
1518 2306 1604 2340 satis

283 2360 481 2404 explicetur
509 2363 708 2406 impetrare
735 2364 861 2406 poluit
887 2374 929 2396 ex
962 2362 1137 2397 aduerbio
1167 2356 1430 2404 tantummodo,
1465 2362 1499 2396 in
1533 2374 1605 2407 quo

283 2419 370 2452 latet
402 2418 559 2463 negatio.
611 2419 801 2454 Sententia
831 2418 927 2454 enim
951 2426 1007 2454 est
1037 2419 1092 2454 ‘in
1128 2420 1220 2465 spite
1255 2421 1294 2455 of
1323 2420 1378 2455 his
1413 2428 1604 2456 strenuous

915 2506 972 2535 172
