1799 2864
662 220 867 257 VELLEI
898 218 1216 257 PATERCVLI

279 330 392 370 fuerit
412 345 629 378 munerum,
652 344 701 369 ne
727 330 766 368 in
796 329 922 380 operis
952 330 1110 379 quidem
1142 328 1231 367 iusti
1261 327 1430 374 materia,
1453 328 1599 365 nedum

244 412 257 432 2
279 397 393 435 huius
414 404 492 434 tam
519 395 629 434 recisi
656 395 773 445 digne
799 394 959 444 exprimi
990 402 1128 443 potest.
1187 393 1282 431 nihil
1303 392 1446 431 deinde
1467 399 1600 440 optare

278 475 301 500 a
329 462 402 501 diis
432 461 622 507 homines,
645 460 741 498 nihil
765 459 819 498 dii
839 458 1065 497 hominibus
1094 466 1287 507 praestare
1307 464 1481 506 possunt,
1504 454 1599 492 nihil

278 536 373 566 uoto
394 526 558 576 concipi,
577 526 672 563 nihil
692 525 874 563 felicitate
890 523 1164 570 consummari,
1182 525 1289 572 quod
1305 537 1384 560 non
1402 524 1600 570 Augustus

278 600 367 642 post
400 592 567 631 reditum
602 591 641 628 in
675 591 812 628 urbem
846 589 900 627 rei
937 588 1118 638 publicae
1156 590 1382 638 populoque
1417 589 1601 625 Romano
1621 600 1637 631 5

240 664 257 693 3
279 666 544 706 terrarumque
578 655 661 694 orbi
696 653 1051 704 repraesentauerit.
1124 653 1232 691 finita
1269 653 1458 691 uicesimo
1495 664 1600 689 anno

278 724 380 762 bella
409 721 547 767 ciuilia,
574 721 725 770 sepulta
753 727 920 766 externa,
954 726 1135 757 reuocata
1164 732 1248 767 pax,
1277 718 1424 767 sopitus
1454 716 1600 766 ubique

277 801 474 827 armorum
512 788 627 832 furor,
669 785 843 823 restituta
881 784 939 822 uis
987 783 1149 833 legibus,
1189 783 1341 822 iudiciis
1379 782 1599 827 auctoritas,

278 852 430 892 senatui
476 851 668 898 maiestas,
709 850 914 900 imperium
963 849 1256 899 magistratuum
1298 850 1348 886 ad
1395 847 1599 897 pristinum

278 921 478 958 redactum
518 918 707 963 modum3
747 916 1021 954 tantummodo
1060 922 1150 952 octo
1195 912 1435 963 praetoribus
1473 911 1599 950 allecti
1624 924 1661 946 10

234 1001 254 1030 4
279 985 369 1023 duo.
428 982 554 1032 prisca
583 981 647 1019 illa
685 988 723 1019 et
759 980 920 1029 antiqua
958 979 1011 1017 rei
1045 978 1225 1029 publicae
1255 979 1379 1016 forma
1407 984 1598 1015 reuocata.

279 1048 391 1087 rediit
421 1049 546 1085 cultus
576 1045 686 1095 agris,
710 1045 825 1083 sacris
857 1046 996 1091 honos,
1025 1043 1209 1082 securitas
1239 1042 1476 1088 hominibus,
1500 1049 1602 1079 certa

279 1113 420 1162 cuique
449 1125 576 1149 rerum
607 1124 762 1148 suarum
793 1108 989 1159 possessio
1004 1124 1014 1156 ,-
1053 1110 1156 1158 leges
1186 1109 1417 1146 emendatae
1448 1107 1601 1154 utiliter,

278 1179 377 1215 latae
399 1175 627 1222 salubriter3
656 1182 813 1212 senatus
835 1173 917 1212 sine
943 1173 1148 1223 asperitate
1179 1186 1253 1210 nec
1284 1171 1367 1209 sine
1398 1171 1602 1209 seueritate

278 1243 411 1280 lectus.
457 1239 651 1290 principes
668 1239 738 1277 uiri
760 1238 1044 1288 triumphisque
1065 1246 1103 1276 et
1121 1236 1369 1287 amplissimis
1387 1236 1602 1274 honoribus
1624 1245 1660 1276 15

277 1306 401 1345 functi
431 1307 639 1344 adhortatu
666 1304 851 1354 principis
878 1306 928 1342 ad
953 1305 1169 1342 ornandam
1190 1303 1326 1341 urbem
1348 1302 1478 1340 inlecti
1500 1310 1599 1339 sunt.

241 1390 258 1421 5
279 1373 504 1411 consulatus
543 1372 820 1408 tantummodo
859 1383 983 1419 usque
1027 1370 1077 1407 ad
1115 1368 1370 1407 undecimum
1410 1367 1477 1416 qui
1515 1381 1605 1405 con-

279 1438 445 1476 tinuaret
467 1438 621 1483 Caesar,
652 1449 741 1474 curn
767 1448 883 1485 saepe
904 1434 1086 1473 obnitens
1112 1440 1375 1483 repugnasset,
1399 1432 1604 1482 impetrare

279 1501 428 1552 potuit:
480 1514 571 1538 nam
610 1500 841 1539 dictaturam
881 1513 999 1549 quam
1048 1498 1295 1548 pertinaciter
1333 1497 1367 1536 ei
1406 1499 1605 1536 deferebat

240 1575 259 1606 6
278 1568 458 1616 populus,
477 1573 555 1603 tam
577 1572 800 1603 constanter
820 1564 997 1614 reppulit.
1030 1565 1133 1602 bella
1153 1564 1226 1601 sub
1246 1563 1478 1612 imperatore
1498 1572 1605 1613 gesta
1626 1577 1663 1598 20

278 1639 517 1682 pacatusque
556 1629 727 1668 uictoriis
767 1638 951 1668 terrarum
994 1629 1098 1668 orbis
1137 1637 1175 1667 et
1213 1636 1270 1667 tot
1308 1637 1412 1667 extra
1451 1629 1603 1667 Italiam

279 1697 466 1746 domique
496 1710 614 1746 opera
643 1709 761 1734 omne
792 1695 879 1734 aeui
911 1695 969 1733 sui
1001 1694 1168 1744 spatium
1200 1694 1467 1744 impensurum
1495 1694 1534 1732 in
1565 1694 1603 1733 id

279 1764 406 1800 solum
428 1775 526 1811 opus
547 1760 774 1810 scriptorem
795 1759 1020 1809 fatigarent:
1051 1772 1122 1797 nos
1144 1772 1336 1797 memores
1353 1758 1604 1808 professionis

280 1827 502 1864 uniuersam
542 1824 751 1874 imaginem
799 1824 1038 1874 principatus
1086 1823 1168 1861 eius
1216 1823 1339 1862 oculis
1386 1823 1605 1873 animisque

280 1891 528 1929 subiecimus.
1630 1898 1643 1918 2
1654 1899 1669 1929 .-'=

203 1963 261 2001 90
335 1954 515 2005 Sepultis,
538 1961 580 1992 ut
598 1953 872 2003 praediximus,
891 1953 1002 1992 bellis
1019 1952 1198 1991 ciuilibus
1215 1952 1605 2002 coalescentibusque

327 2070 340 2090 1
368 2069 410 2089 ne
435 2058 468 2087 in
492 2057 604 2097 operis
628 2057 762 2096 quidem
789 2056 957 2087 Gelemus:
990 2057 1113 2087 nedum
1137 2056 1171 2085 in
1196 2056 1309 2094 operis
1332 2056 1498 2094 siquidem
1517 2055 1607 2086 AP.

269 2103 412 2142 sortasse
432 2111 611 2139 numquam
634 2110 676 2130 ne
700 2101 719 2131 i.
746 2111 773 2131 o.
800 2111 831 2139 q.
857 2101 876 2131 i.
903 2111 944 2131 in.
1089 2110 1109 2138 3
1133 2110 1152 2129 a
1176 2099 1228 2129 dis
1251 2099 1284 2128 A
1363 2100 1405 2129 de
1428 2099 1486 2129 A:
1518 2099 1560 2128 dii
1578 2099 1611 2129 P

280 2157 299 2184 4
324 2145 437 2176 foe1.A
501 2144 689 2175 consumari
706 2143 738 2172 A
830 2145 850 2174 6
867 2153 996 2183 repres
1008 2143 1041 2172 A
1140 2142 1278 2172 finitoA
1352 2153 1368 2181 7
1387 2143 1503 2173 bellaci
1524 2142 1606 2173 Iulia

280 2222 313 2252 A
386 2232 426 2252 10
449 2222 603 2252 redactus
620 2220 652 2249 A
737 2221 881 2251 Allectio
893 2220 961 2257 dcl„
978 2219 1046 2250 dein
1064 2195 1196 2250 allectio
1213 2219 1245 2248 A
1268 2219 1337 2259 (sic)
1420 2230 1458 2249 12
1473 2219 1557 2250 redit
1570 2218 1602 2248 A

281 2265 386 2296 sac-fis
412 2265 500 2304 agris
525 2264 628 2294 sacris
651 2263 685 2294 A
713 2263 782 2303 (sic)
888 2274 925 2302 15
951 2264 1034 2305 letus
1058 2263 1090 2292 A
1189 2263 1236 2293 he
1251 2262 1463 2302 amplissimis
1480 2262 1512 2291 A
1534 2263 1602 2302 (sic)

285 2311 323 2339 16
349 2310 546 2339 adhortatur
568 2307 622 2339 A:
664 2307 798 2338 hortatu
821 2307 874 2338 P:
913 2308 1090 2337 adhortatu
1110 2305 1211 2336 Orelli
1331 2316 1368 2344 17
1392 2305 1448 2344 qui
1473 2306 1605 2345 scripsi:

281 2363 380 2391 quem
397 2352 472 2391 ΑΡ,
493 2351 565 2381 uide
581 2351 709 2382 Comm.
724 2351 800 2382 Crit.
917 2361 1017 2389 quem
1031 2350 1127 2380 Kritz
1144 2350 1280 2388 retinnit,
1296 2349 1466 2388 impetrari
1483 2350 1606 2388 scripsit

277 2400 338 2434 pro
355 2396 534 2435 impetrare
550 2406 557 2425 :
580 2395 659 2434 quin
676 2394 825 2434 Madztzg,
844 2393 953 2424 addito
970 2404 1037 2424 non
1054 2397 1128 2424 ante
1144 2393 1252 2432 potuit
1379 2394 1417 2422 18
1441 2392 1606 2432 imperare

281 2444 438 2478 suprascr.
457 2439 637 2478 impetrare
654 2437 686 2466 A
805 2448 846 2467 20
870 2437 992 2476 repulit
1008 2437 1040 2466 A
1060 2447 1067 2467 :
1091 2439 1294 2476 imperatore
1312 2447 1353 2467 eo
1372 2435 1474 2466 Orelli
1563 2445 1603 2465 22

282 2482 350 2522 inp.
371 2482 403 2512 A
519 2492 560 2521 23
584 2482 764 2520 fatigarent
785 2480 884 2512 Voss:
908 2481 1048 2520 fatigant
1063 2480 1152 2511 AP:
1177 2480 1317 2518 fatigent
1332 2479 1505 2510 Aa'dalius

911 2541 970 2563 102
