1799 2864
617 181 1072 221 COMMENTARIVS
1102 182 1364 222 CRITICVS

371 303 421 336 45
441 302 460 336 3
487 304 569 326 sera
589 294 654 328 Cn.
675 295 826 339 Pompei
845 307 931 329 cura
950 307 1076 329 uerum
1093 301 1128 329 et
1148 295 1247 340 cupit
1266 295 1411 330 interita
1427 295 1512 330 ΑΡ.

371 350 473 383 Nihil
501 351 686 394 pulchrius
710 351 745 385 in
772 353 1006 387 emendando
1024 352 1164 387 Velleio
1187 353 1323 387 factum
1347 359 1403 387 est
1430 364 1539 398 quam
1559 364 1647 398 quo-

321 406 432 441 modo
461 407 522 442 illa
549 412 584 442 et
611 411 712 454 cupit
738 411 894 443 interita
924 410 959 444 in
987 414 1029 444 ul
1055 412 1169 454 coepit
1193 412 1336 444 intenta
1363 417 1526 445 correcta
1552 418 1646 453 sunt,

321 475 441 509 neque
469 477 542 499 uno
569 472 692 501 tamen
720 474 884 512 tempore
911 474 1008 502 totus
1038 480 1138 502 error
1162 468 1340 511 sublatus,
1367 469 1433 502 sed
1462 472 1505 502 ut
1533 471 1648 513 coepit

320 529 375 556 est
403 522 438 556 in
466 523 626 558 editione
651 524 853 559 Geleniana
877 525 963 559 anni
995 526 1106 570 1546;
1132 527 1276 559 intenta
1301 537 1374 559 non
1401 532 1486 560 ante
1504 537 1536 560 a.
1558 535 1645 570 1737

321 579 570 624 XVopkensius
588 582 726 616 inuenit
748 582 916 620 (Aduers.
935 583 957 618 i.
976 595 1009 627 p.
1031 584 1086 625 81,
1105 584 1162 617 ed.
1186 584 1393 624 Frotscher,
1415 583 1531 627 1835).

366 648 415 681 47
434 647 454 671 2
480 639 638 683 septimo
667 640 779 674 ferme
808 652 904 674 anno
937 641 1074 675 Caesar
1106 641 1319 675 morabatur
1352 641 1388 675 in
1417 641 1535 675 Gallis
1563 652 1645 675 cum

318 695 483 730 medium
501 696 574 731 iam
597 709 640 731 ex
665 697 803 732 inuidia
830 698 936 732 Ponti
963 706 998 732 et
1027 698 1203 732 Camiliae
1231 698 1434 733 coherentis
1460 699 1554 733 inter
1579 700 1644 734 Cn.

320 753 537 798 Pompeium
556 762 591 789 et
611 756 650 789 C.
672 756 868 789 Caesarem
893 755 1111 790 concordiae
1135 755 1266 800 pignus
1289 756 1382 790 Iulia
1406 768 1495 790 uxor
1515 756 1643 800 Magni

318 810 491 845 decessit.
510 813 545 845 Α
553 838 561 846 .

366 869 496 903 Galliis
510 870 556 903 P.
654 870 759 905 Ponti
778 882 821 905 ac
842 870 1018 905 Camiliae
1036 871 1089 905 P:
1119 870 1271 904 Pontiae
1291 871 1469 905 Camillae
1479 872 1614 905 Burer.

365 928 488 961 Vnum
506 928 626 962 habeo
641 929 738 973 quod
750 929 810 962 hic
824 929 989 962 adferam
1006 929 1101 969 noui,
1119 935 1156 962 ut
1177 929 1354 963 Camiliae
1367 929 1445 963 siue
1467 930 1644 963 Camillae

316 992 528 1030 corruptum
558 986 760 1020 existimem
794 998 838 1021 ex
871 998 952 1020 cum
986 987 1055 1021 illa
1082 986 1178 1020 male
1208 987 1265 1020 uel
1298 998 1380 1020 cum
1409 987 1478 1020 illa
1511 998 1642 1032 aegre:

315 1042 375 1076 uix
400 1042 499 1077 enim
534 1043 733 1078 dubitarim
768 1044 892 1089 Lipsio
927 1043 1103 1078 adsentiri
1123 1045 1313 1088 potentiae
1347 1055 1390 1078 ex
1423 1044 1643 1088 compendio

314 1111 388 1134 non
402 1100 587 1136 intellecto
599 1102 733 1136 facturn
746 1113 826 1136 esse
832 1104 996 1147 pontiae.
1015 1102 1140 1136 Verba
1155 1101 1206 1136 sic
1218 1101 1348 1135 ordino
1365 1113 1373 1136 :
1392 1102 1495 1135 Iulia
1499 1103 1645 1147 ngnus

313 1160 526 1192 concordiae
543 1171 590 1192 ex
608 1162 792 1204 palenll'ae
817 1161 965 1194 inuidia
983 1172 1092 1205 aegre
1108 1171 1189 1193 cum
1213 1160 1281 1194 illa
1301 1159 1498 1204 (potentia)
1517 1160 1642 1193 colme-

313 1218 441 1259 remis,
462 1217 494 1250 h.
510 1228 540 1250 e.
560 1217 693 1261 pignus
719 1218 938 1252 concordiae
966 1229 1061 1262 quae
1087 1229 1130 1252 ex
1154 1217 1340 1262 potentiae
1367 1216 1508 1251 inuidia
1534 1229 1641 1261 aegre

312 1285 396 1309 cum
416 1274 477 1309 illa
495 1275 726 1310 cohaerebat.

361 1334 412 1377 48
433 1343 452 1376 3
482 1333 603 1367 Huius
624 1334 678 1375 (C.
701 1334 885 1376 Curionis)
906 1334 1030 1368 animo
1050 1333 1328 1378 †uoluptatibus
1352 1334 1409 1367 uel
1428 1332 1640 1367 libidinibus

310 1401 432 1435 neque
451 1402 540 1435 opes
559 1391 653 1426 ullae
670 1403 790 1437 neque
809 1385 1028 1436 cupiditates
1047 1392 1213 1426 sufficere
1236 1397 1397 1436 possent.
1415 1391 1499 1425 ΑΡ.

360 1448 561 1493 Scripsitne
580 1450 792 1484 Paterculus
810 1450 924 1483 lzm'us
948 1451 1073 1483 animo
1092 1449 1343 1483 uolutabundo
1359 1451 1398 1482 z'n
1416 1448 1640 1491 libidinibus,

311 1517 406 1551 quae
439 1506 554 1540 uerba
581 1507 633 1541 sic
663 1507 848 1542 coniunxit
882 1509 932 1541 M.
960 1507 1102 1541 Tullius
1131 1507 1176 1541 de
1209 1508 1300 1551 Rep.
1328 1507 1362 1540 ii.
1393 1513 1485 1540 teste
1517 1506 1640 1540 Nonio

310 1575 345 1608 p.
363 1573 428 1607 491
446 1564 459 1598 ?
499 1565 579 1598 Iam
599 1564 777 1599 Heinsius
797 1565 1012 1599 emendarat
1031 1565 1231 1598 uolutanti.
1284 1566 1392 1599 Certe
1411 1563 1463 1598 sic
1481 1563 1640 1608 explica-

310 1628 368 1655 tur
385 1622 450 1655 bus
464 1622 561 1666 quod
575 1630 630 1657 est
650 1622 686 1656 in
701 1624 776 1657 ΑΡ
792 1635 799 1665 ;
828 1622 879 1657 sic
897 1623 1007 1656 etiam
1023 1623 1092 1656 uel.
1130 1623 1230 1656 Nam
1246 1623 1314 1664 nel,
1330 1624 1369 1655 in
1385 1628 1640 1666 permutantur

310 1678 347 1712 in
374 1680 666 1714 Commonitorio
689 1681 786 1725 quod
810 1681 858 1714 ab
886 1680 1053 1715 Orientio
1081 1680 1256 1724 scriptum
1283 1679 1381 1714 edidi
1409 1680 1445 1713 in
1477 1681 1640 1724 Corpore

311 1737 442 1781 Script.
471 1738 612 1772 Eccles.
642 1737 760 1772 Latin.
780 1737 1058 1772 vindobonensi
1086 1737 1154 1771 xvi.
1207 1738 1262 1771 Ibi
1290 1737 1350 1782 qui
1379 1749 1504 1771 uersus
1530 1737 1551 1770 i.
1572 1738 1639 1780 383

319 1795 505 1829 Vindiclae
526 1797 649 1829 studio
672 1800 768 1829 lotas
798 1798 836 1829 in
863 1796 955 1829 bella
981 1795 1115 1829 decimi
1138 1795 1187 1829 sic
1215 1795 1336 1829 editur
1359 1806 1402 1828 ex
1420 1794 1639 1828 Ashburna-

309 1853 437 1894 mensi,
454 1853 490 1886 in
504 1853 691 1887 Deli-ionis
706 1853 832 1888 codice
850 1865 948 1887 nunc
966 1853 1157 1898 deperdito
1177 1852 1331 1897 scriptus
1349 1859 1404 1886 est
1425 1852 1463 1886 V.
1475 1864 1502 1885 s,
1521 1856 1546 1886 t.
1566 1853 1641 1886 uel

309 1910 338 1944 b.
368 1911 414 1954 d„
446 1911 543 1945 unde
570 1911 774 1955 suspicatus
803 1923 882 1946 sum
909 1911 1021 1945 etiam
1057 1910 1189 1945 Catulli
1217 1910 1305 1944 illud
1332 1910 1502 1944 uitiatum
1535 1910 1581 1943 lv.
1617 1919 1638 1953 9

308 1968 344 2001 Α
375 1969 469 2002 uelle
495 1969 750 2012 corrigendum
776 1980 857 2004 esse
884 1969 920 2002 in
947 1970 1028 2003 Ain
1054 1973 1109 2011 te3
1138 1968 1237 2013 quod
1264 1968 1373 2002 uideo
1401 1966 1637 2002 Fredericum

310 2026 445 2060 Plessis
464 2027 656 2071 recepisse.

357 2084 531 2118 Notabile
548 2085 756 2129 exemplum
783 2084 1062 2118 coniunctarum
1080 2095 1211 2118 uocum
1235 2084 1412 2124 libidinis,
1432 2083 1640 2128 uoluptatis

307 2148 406 2176 extat
418 2141 454 2175 in
471 2141 660 2176 Ciceronis
677 2143 803 2177 Somn.
825 2142 922 2186 Scip.
943 2142 986 2176 ix.
1006 2143 1049 2176 28
1068 2142 1234 2186 impulsa
1253 2141 1450 2174 ll'bz'dz'nmn
1466 2141 1637 2184 uolupta-

307 2200 405 2233 tibus
437 2200 722 2235 oboedzenlilmz:
764 2201 862 2245 quod
893 2207 1018 2234 tamen
1053 2199 1142 2233 nihil
1176 2199 1289 2233 habet
1319 2199 1419 2244 quod
1446 2199 1495 2232 ad
1520 2198 1636 2232 Vellei

308 2258 430 2291 locum
449 2257 638 2301 pertineat.

355 2316 441 2359 4³35
477 2316 525 2349 ad
559 2315 724 2349 ultimum
759 2315 1020 2349 saluberrimas
1055 2321 1090 2349 et
1125 2314 1365 2349 coalescentis
1403 2313 1636 2348 condiciones

306 2373 408 2417 pacis
437 2399 443 2406 .
463 2399 471 2407 .
491 2399 498 2407 .
526 2373 696 2408 discussit
715 2385 757 2407 ac
777 2373 871 2418 rupit
891 2372 1043 2417 (Curios).
1062 2373 1147 2406 ΑΡ.

355 2432 528 2465 Fortasse
554 2433 665 2465 etiam
689 2431 917 2466 coalescentis
942 2431 1177 2465 scribendum
1203 2436 1291 2473 erat,
1313 2429 1348 2464 h.
1363 2441 1393 2464 e.
1412 2429 1634 2464 etiamnum:

943 2496 1005 2527 160
