1799 2864
706 217 875 254 LIBER
905 217 948 254 ΙΙ

166 338 255 362 cum
276 324 611 363 abundantissima
631 338 756 362 rerum
778 324 955 362 omnium
973 324 1096 373 copia,
1115 325 1296 363 exercitui
1314 324 1484 364 Caesari-

166 402 243 438 que
263 403 304 427 se
324 389 455 426 iunxit.

219 454 311 491 Non
341 461 515 502 tempero
544 451 639 490 mihi
669 451 763 501 quin
792 459 923 490 tantae
951 465 1078 490 rerum
1108 452 1365 501 magnitudini
1395 454 1481 500 hoc,
1502 461 1573 500 107

165 519 451 567 qualecumque
471 524 539 563 est,
562 516 739 554 inseram.
798 530 888 554 curn
910 516 1125 554 citeriorem
1150 516 1273 566 ripam
1297 517 1484 566 praedicti

128 591 145 621 5
165 581 335 619 fluminis
369 580 501 619 castris
535 594 837 630 occupassemus
871 588 909 618 et
942 580 1100 618 ulterior
1132 588 1279 618 armata
1312 581 1483 619 hostium

165 645 306 683 uirtute
325 646 497 695 fulgeret,
520 645 593 683 sub
617 658 775 683 omnem
803 652 953 683 motum
981 647 1240 695 undecumque
1266 653 1483 683 nostrarum

165 709 324 747 nauium
345 709 520 759 protinus
541 708 824 758 refugientium,
843 722 943 746 unus
964 722 985 747 e
1006 709 1177 747 barbaris
1198 716 1323 747 aetate
1343 708 1483 754 senior,

165 786 326 822 corpore
364 774 567 820 excellens,
607 773 805 822 dignitate,
845 781 1035 822 quantum
1074 773 1307 811 ostendebat
1346 774 1483 819 cultus,

165 837 352 884 eminens,
382 846 574 884 cauatum,
605 844 647 875 ut
676 836 749 875 illis
779 850 864 875 mos
894 844 961 883 est,
991 850 1036 875 ex
1067 836 1226 874 materia
1256 836 1485 875 conscendit

107 916 147 938 10
164 903 319 939 alueum
354 903 538 951 solusque
572 901 611 939 id
650 901 779 950 nauigi
817 914 938 950 genus
972 908 1193 950 temperans
1226 903 1276 939 ad
1310 901 1484 939 medium

164 965 352 1015 processit
372 965 542 1003 fluminis
564 973 600 1003 et
620 965 740 1014 petiit,
763 965 894 1003 liceret
915 965 988 1003 sibi
1013 965 1096 1003 sine
1122 965 1294 1014 periculo
1318 965 1357 1002 in
1385 978 1483 1011 eam,

165 1043 282 1079 quam
306 1030 421 1068 armis
451 1030 692 1076 tenebamus,
715 1029 845 1079 egredi
874 1029 996 1078 ripam
1026 1042 1071 1067 ac
1101 1029 1234 1067 uidere
1263 1030 1481 1068 Caesarem.

165 1095 255 1132 data
293 1094 439 1144 petenti
477 1095 649 1132 facultas.
709 1102 791 1131 tum
829 1095 994 1143 appulso
1028 1093 1140 1131 lintre
1174 1101 1211 1131 et
1245 1093 1312 1131 diu
1346 1093 1484 1131 tacitus

166 1161 451 1208 contemplatus
479 1160 698 1205 Caesarem,
724 1167 855 1196 nostra
879 1158 1050 1207 quidem,
1076 1158 1212 1207 inquit,
1239 1157 1327 1195 furit
1353 1157 1486 1195 iuuen-

108 1236 145 1267 ¹5
166 1232 237 1269 tus,
261 1237 361 1272 quae
382 1237 471 1261 cum
492 1230 663 1261 uestrum
685 1236 830 1260 numen
851 1222 1072 1260 absentium
1094 1224 1205 1268 colat,
1224 1221 1485 1271 praesentium

165 1287 294 1337 potius
314 1301 420 1325 arma
440 1287 577 1325 metuit
597 1300 714 1336 quarn
736 1287 909 1336 sequitur
929 1288 1058 1324 fidem.
1112 1288 1181 1324 sed
1201 1299 1273 1335 ego
1294 1285 1487 1324 beneficio

166 1360 203 1389 et
234 1351 423 1401 permissu
455 1359 534 1397 tuo,
566 1352 719 1397 Caesar,
752 1364 850 1400 quos
879 1359 969 1388 ante
999 1350 1220 1396 audiebam,
1253 1350 1371 1388 hodie
1405 1349 1487 1388 uidi

166 1418 273 1462 deos,
296 1429 369 1454 nec
389 1415 599 1453 feliciorem
628 1417 749 1453 ullum
777 1415 879 1453 uitae
907 1428 1017 1453 meae
1042 1423 1108 1452 aut
1135 1414 1268 1463 optaui
1294 1422 1360 1452 aut
1384 1414 1485 1452 sensi

166 1480 281 1518 diem.
358 1480 644 1529 impetratoque
677 1487 719 1517 ut
757 1493 917 1517 manum
949 1479 1200 1528 contingeret,
1234 1492 1409 1516 reuersus
1447 1478 1486 1516 in

109 1558 148 1580 20
167 1544 399 1590 nauiculam,
440 1543 523 1581 sine
561 1545 638 1581 fine
676 1551 898 1593 respectans
938 1544 1145 1582 Caesarem
1184 1543 1289 1592 ripae
1327 1556 1485 1580 suorum

166 1610 351 1658 appulsus
386 1616 453 1645 est.
512 1607 637 1645 uictor
670 1607 847 1645 omnium
878 1607 1053 1657 gentium
1084 1609 1350 1656 locorumque,
1387 1620 1485 1656 quos
1506 1621 1524 1650 5

165 1673 311 1711 adierat
332 1673 485 1718 Caesar,
509 1685 598 1709 curn
619 1671 806 1710 incolumi
827 1672 1095 1721 inuiolatoque
1116 1680 1153 1709 et
1178 1673 1298 1709 semel
1322 1679 1488 1708 tantum-

167 1739 287 1775 modo
318 1749 459 1785 magna
493 1749 581 1773 cum
615 1737 725 1774 clade
759 1736 930 1774 hostium
962 1737 1097 1774 fraude
1131 1749 1265 1773 eorum
1298 1743 1488 1785 temptato

213 1851 225 1870 1
253 1840 475 1878 Caesarisque
491 1839 524 1868 A
673 1850 692 1878 3
718 1840 810 1870 Nont
832 1840 899 1872 del..
920 1839 990 1870 dein
1014 1845 1172 1880 suprascr.
1194 1840 1271 1870 Non
1288 1840 1320 1869 A
1469 1849 1488 1878 5

167 1884 327 1914 ulteriora
343 1883 376 1912 A
509 1884 530 1912 6
554 1883 728 1914 iuuentute
746 1883 779 1912 P
864 1888 986 1922 motuq.
1008 1883 1040 1922 qi
1060 1884 1106 1922 (qi
1123 1883 1292 1923 pallidiore
1309 1887 1489 1913 atramento

167 1932 203 1957 ut
218 1933 320 1966 paene
339 1925 474 1955 dclrtmn
500 1926 659 1964 uideatur)
678 1927 710 1956 A
728 1938 734 1956 :
767 1931 959 1964 metumque
984 1926 1099 1964 Bm-er,
1121 1926 1177 1956 sed
1197 1926 1366 1956 aduolauit
1389 1930 1396 1941 ‘
1411 1927 1493 1956 inter

167 1980 298 2001 omnem
323 1974 514 2007 motumque
532 1969 687 2008 quiddam
705 1970 804 2000 deesse
825 1970 967 1999 m'drtur’
984 1981 991 2000 ε
1026 1975 1150 2000 motum
1168 1969 1215 2000 P:
1251 1970 1489 2007 cuiuscumque

166 2014 343 2043 H‹·1'ns1·ns:
368 2013 429 2042 sub
452 2017 568 2042 nutum
589 2018 781 2052 motumque
803 2013 941 2043 [Vallerz
977 2013 1038 2043 sub
1063 2023 1093 2044 0.
1113 2018 1270 2043 conatum
1294 2018 1487 2051 motumque

167 2057 295 2086 Jacobs:
331 2056 392 2085 sub
420 2066 451 2086 ο.
476 2061 600 2086 motum
625 2062 848 2095 conatumque
873 2055 1002 2086 Halm:
1037 2057 1273 2094 undecumque
1303 2056 1421 2095 scm'psi,
1448 2058 1485 2093 cs.

168 2100 244 2130 Seu.
271 2099 307 2129 cle
333 2099 390 2129 Vit.
418 2099 505 2128 beata
530 2110 568 2138 27
595 2100 686 2138 rupis
709 2110 808 2138 quam
834 2101 951 2129 fluctus
977 2110 1043 2129 non
1066 2100 1233 2137 desinunt,
1257 2099 1488 2137 undecumque

168 2143 246 2173 moti
259 2147 346 2181 sunt,
363 2143 542 2173 uerberare
605 2153 621 2181 7
639 2143 748 2173 auium
760 2143 791 2171 A
858 2153 896 2172 10
914 2143 1037 2181 nauigii
1051 2142 1121 2172 ΑΡ
1180 2153 1217 2172 12
1235 2141 1488 2172 tenebamusP:

169 2187 388 2216 tendebamus
412 2185 476 2214 BA
593 2196 629 2224 13
655 2187 730 2216 data
749 2186 813 2215 BA
831 2197 837 2216 ε
863 2187 939 2216 data
955 2197 974 2216 a
988 2186 1134 2216 Caesare
1151 2185 1189 2223 P,
1212 2191 1218 2201 ‘
1231 2186 1303 2215 Hoc
1317 2196 1336 2215 a
1353 2186 1489 2215 Caesare

168 2231 199 2259 in
213 2234 335 2259 uetusto
346 2228 408 2259 cod.
425 2239 489 2258 non
504 2230 662 2268 reperitur,
678 2229 762 2259 nude
777 2229 861 2259 unde
872 2229 921 2259 ln‘c
932 2230 1129 2269 imngrmit
1140 2228 1146 2236 '
1160 2228 1267 2258 Bam-er
1334 2229 1409 2267 adp.
1422 2227 1492 2258 ΑΡ

168 2277 195 2302 et
216 2273 260 2302 sic
282 2282 319 2302 21
454 2272 588 2311 lynthre
605 2273 637 2301 A
772 2278 804 2302 et
829 2283 892 2303 om.
924 2272 1126 2302 Vascosanus
1319 2282 1354 2310 17
1381 2277 1413 2302 et
1429 2272 1461 2301 A
1480 2282 1486 2301 :

169 2326 206 2346 ac
228 2315 261 2345 P
375 2316 417 2345 ho
442 2315 670 2345 tantummodo
694 2315 757 2354 legi
777 2316 808 2345 in
838 2316 870 2345 A
901 2316 1001 2346 ceteris
1023 2316 1132 2346 litteris
1152 2316 1249 2345 erasis
1276 2316 1327 2344 uel
1347 2315 1490 2345 abscissis

167 2361 200 2389 in
217 2359 288 2398 fine
306 2369 419 2389 uersus
570 2359 607 2388 18
629 2359 666 2389 34}
693 2359 795 2388 ullum
814 2359 845 2388 A
867 2359 936 2399 (sic)
1085 2369 1123 2398 19
1148 2359 1275 2398 impetr.
1296 2358 1345 2389 P:
1370 2359 1487 2397 imper.

799 2522 856 2545 11³·
