1799 2864
441 199 500 235 IN
531 199 822 235 VELLEIVM
853 199 1234 238 PATERCVLVM

171 311 205 340 el
222 308 422 352 proxs‘mus
446 321 468 342 cz
495 309 558 343 Cn.
582 309 756 353 Pompeio
782 310 932 353 ipsoque
962 310 1115 343 Caesare
1144 311 1322 354 equestris
1352 310 1496 343 ordinis

170 365 300 398 consul
307 369 450 399 creatus
460 377 532 399 esse
549 378 556 399 :
588 366 663 399 128.
681 376 699 399 2
712 367 780 410 qm'
789 368 952 410 equestri
963 367 1038 400 loco
1055 371 1186 400 nalum
1203 368 1265 411 Sp.
1283 368 1494 401 Caruilium

170 426 204 455 el
220 434 308 456 mox
322 424 378 456 M.
401 423 587 466 Calonem,
606 434 745 456 nomme
764 425 874 456 elsam
899 425 1056 457 Tusculo
1074 451 1082 458 .
1103 450 1110 458 .
1130 450 1137 458 .
1149 426 1366 468 proma-ere.

217 480 324 514 Libet
342 480 400 514 hic
418 491 603 524 apponere
629 481 741 514 uerba
761 480 925 514 Eduardi
944 482 987 514 A.
1005 481 1186 514 Freeman
1208 480 1325 523 (Hz’st.
1341 482 1494 525 Essays,

170 537 242 571 2nd
263 537 396 580 Series,
416 548 450 582 p.
469 537 551 580 327)
570 549 577 572 :
616 538 624 554 ‘
638 537 778 572 Marius
797 549 871 571 was
889 539 937 582 by
955 538 1050 572 birth
1075 549 1097 572 a
1120 550 1206 572 man
1231 538 1272 571 of
1285 538 1346 572 the
1366 539 1495 582 people

170 594 205 628 in
233 595 294 628 the
318 595 399 628 best
421 606 550 636 sense;
587 595 633 629 he
662 606 797 639 sprangr
826 595 968 629 neither
992 596 1082 629 from
1111 596 1172 629 the
1198 595 1315 639 proud
1340 596 1495 638 nobility

170 663 237 686 nor
262 659 320 695 yet
345 652 436 685 from
463 652 525 686 the
546 653 711 696 mongrel
736 654 912 696 populace
945 653 985 686 of
1007 653 1068 686 the
1094 653 1241 686 Forum.
1295 653 1354 686 He
1379 664 1452 685 was
1473 664 1495 686 a

170 710 358 753 yeoman’s
377 721 442 743 son
462 709 497 743 in
526 710 587 743 the
612 710 780 753 territory
798 710 839 743 of
852 711 913 744 the
931 710 1104 744 Volscian
1132 716 1229 743 town
1248 710 1289 744 of
1301 709 1497 753 Arpinum,

169 768 289 801 whose
317 766 461 801 citizens
489 767 561 800 had
588 768 680 801 been
707 767 886 801 admitted
913 774 950 802 to
967 768 1029 801 the
1054 768 1117 801 full
1143 769 1289 801 Roman
1314 767 1496 800 franchise

168 825 255 868 only
272 824 383 868 thirty
400 836 505 868 years
527 825 649 859 before
675 824 731 859 his
759 825 854 859 birth
868 826 897 860 ἐ
933 831 968 859 et
995 825 1098 866 infra,
1119 826 1238 859 ‘Such
1258 837 1279 858 a
1298 836 1384 858 man
1412 835 1497 867 may

168 893 258 916 even
279 882 372 915 have
398 883 555 916 reached
581 883 644 916 the
666 882 874 926 equestrian
901 887 1192 917 census—nasus
1219 883 1382 926 equestri
1409 883 1496 924 laco,

168 951 251 983 says
270 939 442 982 Velleius,
462 940 580 973 which
600 939 625 974 it
644 939 673 974 is
693 941 897 983 dangerous
917 947 953 974 to
971 941 1110 984 change
1130 940 1206 974 into
1224 940 1384 984 agressi?

214 1007 255 1039 13
275 1006 294 1030 2
320 1003 358 1030 ut
377 997 577 1031 minoribus
596 997 779 1041 perceptis
797 997 938 1031 maiora
956 997 1182 1042 permitteret
1199 997 1285 1032 ΑΡ.

217 1055 335 1088 Immo
365 1056 585 1089 remillcrel‘:
628 1055 785 1098 Legibus
813 1055 926 1089 Drusi
957 1055 1159 1089 inescanda
1186 1056 1312 1100 plebes
1346 1061 1424 1089 erat
1459 1062 1496 1089 ut

168 1111 370 1146 minoribus
389 1113 568 1157 perceptis
589 1113 805 1155 commodis,
826 1113 881 1146 his
900 1119 1071 1147 contenta
1093 1112 1227 1146 sineret
1243 1124 1338 1157 quae
1356 1113 1497 1147 maiora

167 1176 282 1203 erant.
335 1171 377 1204 Id
396 1181 469 1204 non
489 1170 701 1214 intellegens
722 1177 881 1211 senatus,
903 1171 1026 1204 Druso
1044 1171 1318 1204 aduersabatur.

215 1238 256 1270 13
275 1238 294 1270 3
323 1228 480 1272 denique
495 1240 516 1261 a
533 1228 590 1270 (ea
609 1229 656 1270 P)
677 1229 822 1262 fortuna
842 1228 952 1262 Drusi
973 1228 1038 1262 suit
1054 1235 1092 1262 ut
1112 1228 1206 1262 male
1224 1229 1322 1262 facta
1339 1228 1496 1271 collega-

168 1296 247 1318 rum
278 1285 446 1330 quamuis
478 1285 605 1330 (quam
635 1285 711 1319 eius
738 1286 786 1329 P)
814 1286 952 1330 optime
978 1286 1026 1319 ab
1053 1286 1132 1330 ipso
1161 1285 1319 1329 cogitata
1347 1292 1496 1319 senatus

168 1344 340 1387 probaret
359 1343 478 1387 magis
497 1344 580 1377 ΑΡ.

213 1402 389 1444 quamuis
426 1401 523 1446 quod
566 1401 676 1435 habet
712 1401 748 1435 A
789 1412 915 1435 uerum
955 1401 1070 1443 duco;
1112 1413 1178 1435 nec
1218 1401 1419 1446 quidquam
1460 1400 1496 1434 in

168 1458 349 1493 sententia
378 1458 619 1503 deprauatum
647 1465 703 1493 est
729 1459 839 1492 modo
864 1459 1035 1503 cogt'lalz's
1061 1459 1201 1493 scribas
1228 1470 1293 1503 pro
1320 1470 1363 1492 eo
1398 1459 1495 1502 quod

167 1517 303 1550 habent
322 1517 397 1550 Al>
414 1519 596 1561 cogl‘latzz:
625 1528 735 1550 causa
761 1516 851 1558 uitii,
876 1528 957 1550 cum
983 1516 1242 1561 praecessisset
1264 1517 1494 1560 malesccha,

167 1573 350 1608 ablatiuus
369 1573 405 1607 in
424 1574 675 1608 accusatiuum
695 1574 849 1607 similem
871 1574 1059 1619 (segidam)
1078 1580 1255 1608 attractus
1273 1580 1338 1607 est.

213 1642 255 1675 14
275 1641 294 1674 3
322 1631 349 1665 si
371 1631 458 1676 quid
478 1632 566 1665 artis
586 1631 621 1665 in
640 1638 675 1665 te
694 1638 748 1665 est
767 1632 802 1664 A
816 1633 941 1675 prius.

215 1688 342 1723 Potest
376 1690 446 1723 hoe
476 1701 603 1723 uerum
633 1701 725 1731 esse,
753 1696 876 1733 utpote
910 1689 1054 1733 planius
1082 1689 1357 1734 simpliciusque
1384 1700 1495 1733 quam

167 1747 265 1791 quod
283 1754 337 1781 est
357 1747 392 1781 in
409 1748 444 1781 P
460 1749 495 1780 si
509 1748 604 1791 qussi
618 1748 658 1780 in
677 1751 710 1780 te
728 1748 824 1780 arsis
840 1751 901 1781 est.

214 1806 257 1838 16
276 1814 296 1846 4
323 1811 432 1849 caput
460 1805 599 1850 imperii
628 1805 683 1839 sui
711 1805 911 1839 Corfinium
939 1806 1139 1850 legerantq.
1166 1805 1367 1849 apellarent
1399 1804 1495 1838 Itali-

167 1873 248 1896 cam
266 1863 316 1896 A.

213 1920 451 1964 legerantque
480 1920 646 1954 Italicani
667 1921 721 1955 P:
753 1921 918 1964 legerant
945 1921 1044 1965 quod
1070 1921 1298 1965 appellarent
1326 1920 1494 1954 Italicum

167 1978 301 2011 Bm‘er.

215 2035 383 2069 Proxime
401 2035 448 2068 ad
471 2047 596 2069 uerum
621 2035 774 2069 accessit
793 2036 828 2068 A
847 2047 854 2070 :
883 2046 964 2069 cum
990 2035 1087 2069 enim
1107 2036 1279 2069 Italicam
1306 2035 1496 2069 confirmet

166 2092 273 2126 lectio
307 2093 341 2126 l)
377 2093 565 2135 Italicam,
601 2094 834 2138 appellarent
873 2100 996 2127 autem
1034 2100 1107 2127 tres
1142 2100 1254 2127 testes
1285 2094 1406 2135 ΑΓΒ,
1438 2092 1497 2126 uix

167 2150 292 2184 dubito
312 2161 342 2193 q.
359 2150 393 2183 in
412 2162 522 2194 quam
541 2151 728 2194 refingere,
751 2151 918 2195 lageran!
934 2162 1045 2194 quam
1064 2151 1297 2195 appellarent
1312 2151 1496 2184 Italicam.

170 2209 306 2241 Burero
334 2214 456 2241 tamen
483 2208 677 2242 obsecutus
705 2208 753 2242 ita
771 2209 890 2242 locum
916 2208 1014 2242 edidi
1043 2215 1081 2242 ut
1108 2208 1167 2242 ille
1195 2208 1230 2241 in
1259 2206 1496 2241 Murbacensi

168 2265 312 2298 uidetur
330 2264 473 2308 legisse,
492 2266 593 2309 qnod
605 2266 847 2310 appellarent.
890 2255 893 2257 ⁵

215 2333 261 2366 25
280 2332 302 2365 4
328 2322 448 2366 posuit
478 2323 668 2357 uictoriam
694 2335 767 2368 qua
791 2323 1156 2357 clemendesmontem
1189 2323 1213 2357 ti
1242 2323 1317 2356 fata
1344 2334 1428 2356 cum
1456 2324 1494 2357 C.

171 2381 349 2414 Norbano
377 2388 609 2414 concurrerat
641 2381 743 2425 Sylla
773 2381 888 2424 gratis
919 2381 1064 2415 Dianae
1090 2381 1192 2415 cuius
1220 2380 1358 2414 nomini
1384 2380 1496 2425 raegio

170 2437 230 2472 illa
249 2444 391 2473 sacrata
409 2445 464 2473 est
483 2438 599 2473 soluit.
617 2439 666 2473 A.

806 2513 861 2544 151
