1799 2864
744 219 914 255 LIBER
945 219 987 255 II

202 329 391 379 recipiens
412 342 595 378 magnum
610 329 772 366 modum
790 327 987 377 legionum
1005 328 1182 365 effecerat
1199 341 1345 376 perque
1360 329 1521 366 Menam

201 403 237 432 et
270 396 521 432 Menecraten
551 400 732 442 paternos
762 391 931 438 libertos,
960 393 1175 441 praefectos
1197 392 1390 438 classium,
1413 394 1523 430 latro-

201 458 310 496 ciniis
341 471 387 495 ac
418 455 734 506 praedationibus
766 455 948 493 infestato
975 455 1070 493 mari
1096 457 1147 493 ad
1171 469 1211 493 se
1232 455 1523 505 exercitumque

200 523 389 560 tuendum
423 528 533 570 rapto
566 520 757 566 utebatur,
791 533 879 557 cum
915 533 1005 557 eum
1039 533 1119 557 non
1151 521 1366 569 depuderet
1399 520 1524 558 uindi-

163 601 178 630 5
199 594 328 624 catum
366 585 481 622 armis
519 598 564 622 ac
598 585 718 622 ductu
753 583 870 633 patris
909 583 967 621 sui
1001 597 1106 621 mare
1140 583 1320 621 infestare
1354 583 1522 633 piraticis

199 649 418 687 sceleribus.

253 713 397 751 Fractis
430 711 623 750 Brutianis
659 711 934 760 Cassianisque
964 711 1138 760 partibus
1174 711 1370 749 Antonius
1405 720 1523 750 trans-
1540 721 1590 759 74

198 777 364 815 marinas
385 776 560 815 obiturus
588 776 808 825 prouincias
840 775 1021 814 substitit.
1082 777 1226 815 Caesar
1245 775 1284 813 in
1307 776 1460 814 Italiam
1482 790 1522 815 se

197 842 341 891 recepit
379 855 546 890 eamque
593 843 708 890 longe
755 854 873 890 quam
922 848 1142 890 sperauerat
1181 840 1521 878 tumultuosiorem

140 922 178 943 10
197 907 372 956 repperit.
432 906 577 956 quippe
612 908 653 944 L.
691 906 887 944 Antonius
918 907 1066 952 consul,
1089 905 1271 943 uitiorum
1306 905 1429 943 fratris
1464 906 1522 943 sui
1543 924 1556 944 2

197 985 367 1018 consors,
391 973 459 1009 sed
486 971 684 1017 uirtutum,
711 984 811 1020 quae
841 970 1036 1008 interdurn
1066 970 1105 1007 in
1136 970 1201 1008 illo
1232 978 1350 1017 erant,
1373 984 1520 1020 expers,

197 1037 317 1074 modo
346 1037 451 1084 apud
481 1043 686 1073 ueteranos
716 1034 940 1072 criminatus
969 1035 1188 1081 Caesarem,
1211 1036 1332 1073 modo
1353 1048 1431 1081 eos,
1455 1035 1520 1084 qui

196 1100 299 1138 iussa
346 1100 540 1138 diuisione
587 1099 834 1149 praediorum
883 1099 1173 1148 nominatisque
1221 1099 1371 1137 colonis
1409 1112 1521 1148 agros

195 1164 414 1211 amiserant,
437 1165 486 1202 ad
507 1177 614 1201 arma
634 1163 818 1201 conciens
840 1177 1024 1213 magnum
1042 1163 1252 1201 exercitum
1270 1165 1518 1202 conflauerat.

140 1246 176 1277 15
196 1242 241 1266 ex
271 1231 390 1267 altera
421 1237 527 1278 parte
559 1242 654 1266 uxor
684 1227 833 1266 Antoni
866 1227 1014 1274 Fuluia,
1037 1227 1132 1265 nihil
1154 1228 1342 1266 muliebre
1372 1237 1522 1278 praeter
1541 1245 1558 1274 3

195 1308 335 1343 corpus
373 1307 520 1343 gerens,
561 1293 693 1331 omnia
725 1293 841 1331 armis
880 1294 1127 1342 tumultuque
1166 1293 1365 1331 miscebat.
1424 1295 1522 1332 haec

197 1359 286 1397 belli
321 1361 455 1397 sedem
491 1361 698 1396 Praeneste
733 1366 911 1407 ceperat3
954 1357 1150 1396 Antonius
1180 1360 1314 1408 pulsus
1346 1358 1521 1408 undique

196 1423 342 1461 uiribus
364 1423 540 1462 Caesaris
563 1422 761 1460 Perusiam
790 1436 830 1460 se
862 1424 1100 1460 contulerat:
1132 1424 1311 1468 Plancus,
1334 1423 1522 1461 Antonia-

196 1501 331 1525 narum
352 1487 506 1526 adiutor
526 1487 704 1537 partium,
727 1501 835 1536 spem
858 1486 978 1536 magis
1004 1489 1226 1525 ostenderat
1252 1487 1379 1534 auxili,
1402 1501 1520 1536 quam

137 1573 176 1592 20
195 1566 310 1602 Opem
341 1554 487 1591 ferebat
517 1552 703 1590 Antonio.
763 1565 854 1589 usus
883 1553 1026 1590 Caesar
1049 1552 1190 1590 uirtute
1212 1560 1249 1590 et
1269 1554 1424 1590 fortuna
1453 1566 1522 1590 sua
1540 1571 1559 1600 4

195 1617 392 1654 Perusiam
433 1616 678 1666 expugnauit.
738 1616 956 1654 Antonium
1004 1616 1235 1654 inuiolatum
1283 1616 1440 1663 dimisit,
1482 1617 1521 1654 in

195 1682 402 1720 Perusinos
424 1682 544 1731 magis
566 1682 619 1719 ira
635 1681 801 1719 militum
819 1694 936 1730 quam
954 1683 1155 1719 uoluntate
1173 1681 1364 1719 saeuitum
1385 1682 1496 1720 ducis
1514 1697 1520 1719 :

193 1748 283 1785 urbs
311 1747 480 1793 incensa,
504 1746 613 1785 cuius
643 1746 795 1784 initium
824 1746 981 1785 incendi
1008 1746 1188 1796 princeps
1215 1746 1297 1784 eius
1327 1747 1403 1785 loci
1430 1746 1520 1785 fecit

196 1812 490 1859 Macedonicus,
527 1812 593 1861 qui
625 1811 801 1850 subiecto
841 1812 955 1850 rebus
993 1825 1039 1849 ac
1077 1811 1284 1861 penatibus
1323 1811 1401 1850 suis
1440 1812 1518 1862 igni

135 1897 171 1926 25
194 1879 418 1915 transfixum
440 1891 480 1915 se
500 1877 630 1927 gladio
651 1879 831 1915 flammae
852 1876 990 1915 intulit.

248 1946 320 1981 Per
340 1944 478 1981 eadem
500 1950 675 1992 tempora
702 1950 892 1980 exarserat
918 1942 957 1979 in
990 1942 1207 1991 Campania
1228 1943 1386 1989 bellum,
1410 1944 1517 1992 quod
1537 1951 1586 1990 75

193 2009 388 2058 professus
409 2020 555 2053 eorum,
579 2006 645 2056 qui
677 2006 926 2056 perdiderant
957 2020 1079 2056 agros,
1103 2007 1363 2056 patrocinium
1391 2006 1518 2044 ciebat

240 2155 251 2174 1
280 2155 341 2183 per
356 2154 454 2182 quern
472 2143 504 2173 A
597 2110 796 2182 4depuderet
812 2143 845 2173 A
927 2153 945 2181 5
971 2144 1104 2174 ductum
1180 2145 1201 2173 6
1224 2144 1385 2174 celetibus
1403 2144 1520 2173 Ruhn-

192 2199 248 2229 ken
357 2209 396 2228 10
421 2198 569 2237 repperit
585 2198 618 2227 A
636 2210 642 2228 :
668 2199 793 2237 reperit
811 2197 844 2227 P
919 2194 1011 2229 COE
1024 2198 1057 2228 A
1075 2209 1082 2228 t
1108 2198 1206 2229 COS.
1224 2198 1257 2227 P
1375 2209 1412 2236 13
1430 2200 1520 2228 iussa

192 2242 369 2272 Heinsius:
406 2241 492 2271 iuste
517 2241 605 2272 AP:
640 2242 792 2272 instituta
817 2241 979 2272 Rnlmkcn
1070 2242 1211 2272 coloniis
1232 2242 1391 2271 Heinsius
1482 2251 1519 2280 15

192 2286 330 2316 Antonii
349 2285 381 2314 P
450 2286 488 2315 16
511 2285 721 2324 tumulti-ique
734 2285 767 2314 A
856 2294 892 2322 17
910 2286 1004 2315 bellis
1019 2285 1089 2314 ΑΡ
1130 2296 1224 2324 coep.
1239 2285 1272 2314 A
1362 2295 1401 2323 19
1424 2295 1519 2324 spem

192 2329 261 2361 del..
281 2329 352 2358 dein
381 2338 442 2367 spe
455 2328 488 2357 A
506 2340 513 2358 ι
537 2338 631 2366 spem
648 2328 698 2358 P:
730 2330 792 2358 ‘'ex.
811 2331 924 2359 nemsi.
938 2329 1066 2358 uidetur
1078 2329 1189 2358 habere
1205 2339 1265 2367 spe
1284 2329 1389 2366 magis
1407 2334 1519 2358 osten—

193 2372 306 2402 derat'
324 2371 433 2401 Burer
474 2371 587 2401 auxilii
604 2371 675 2401 ΑΡ
747 2382 784 2401 21
812 2372 944 2402 demisit
959 2372 993 2401 A
1066 2383 1106 2411 23
1127 2372 1272 2401 incendii
1288 2371 1359 2400 ΑΡ
1420 2371 1519 2402 foecit

192 2415 225 2445 A
317 2417 358 2445 26
381 2415 506 2444 bellu-m
523 2415 554 2444 in
568 2415 751 2454 Campania
768 2415 889 2444 bellurn
907 2415 939 2444 A
959 2415 1027 2455 (sic)
1120 2426 1159 2454 27
1184 2426 1222 2444 ex
1236 2415 1419 2454 compendio
1435 2415 1523 2454 qnod

192 2462 236 2489 est
252 2459 283 2489 in
301 2459 333 2488 A
356 2459 412 2488 uix
428 2459 512 2488 dicas
527 2459 743 2498 perdiderant
760 2469 802 2488 cm
821 2459 1039 2497 prodiderant
1055 2459 1244 2499 szgnifisam't
1259 2458 1495 2488 Amerbacln'us

837 2527 876 2568 S9
