1799 2864
662 205 866 242 VELLEI
900 205 1218 244 PATERCVLI

272 315 469 354 abscisum
500 317 701 366 latumque
729 317 780 354 ad
810 317 1103 355 Maroboduum
1134 325 1171 354 et
1200 316 1251 354 ab
1280 329 1327 354 eo
1358 315 1519 354 missum
1549 316 1600 354 ad

275 385 482 423 Caesarem
503 384 687 434 gentilicii
708 392 840 423 tamen
861 384 1000 422 tumuli
1021 386 1218 434 sepultura
1238 385 1473 421 honoratum
1494 391 1561 421 est.

180 455 254 483 120
329 448 405 486 His
425 448 567 486 auditis
589 450 737 487 reuolat
757 450 807 486 ad
828 456 977 498 patrem
1000 449 1144 487 Caesar
1158 463 1167 495 3
1188 455 1397 497 perpetuus
1414 455 1600 497 patronus

275 513 447 552 Romani
467 513 604 564 imperi
623 515 827 552 adsuetam
849 513 921 551 sibi
943 527 1100 551 causam
1128 512 1298 562 suscipit.
1358 512 1522 550 mittitur
1549 513 1600 550 ad

274 578 537 625 Germaniam,
561 579 706 617 Gallias
737 580 951 624 confirmat,
981 578 1153 627 disponit
1181 577 1381 624 exercitus,
1410 577 1602 627 praesidia

274 644 399 682 munit
420 653 457 682 et
479 658 519 682 se
540 644 810 693 magnitudine
834 657 914 689 sua,
937 657 1017 681 non
1047 643 1191 681 fiducia
1220 642 1391 681 hostium
1422 642 1599 689 metiens,

273 708 340 758 qui
361 708 600 747 Cimbricam
622 708 962 757 Teutonicamque
983 707 1159 745 militiam
1183 707 1318 745 Italiae
1338 707 1599 753 minabantur,

237 785 251 806 2
272 774 373 811 ultro
396 775 582 811 Rhenum
604 787 694 810 curn
716 772 885 810 exercitu
913 771 1199 821 transgreditur.
1258 786 1365 810 arma
1394 772 1507 810 infert
1538 772 1598 810 isti

273 850 390 886 quem
430 837 598 875 arcuisse
638 845 746 886 pater
784 844 821 874 et
859 836 982 886 patria
1029 836 1204 874 contenti
1243 845 1378 884 erant,
1424 845 1600 886 penetrat

273 901 443 947 interius,
484 900 607 950 aperit
645 901 798 947 limites,
839 909 965 939 uastat
1003 914 1126 950 agros,
1166 900 1241 938 urit
1280 902 1431 948 domos,
1472 901 1600 939 fundit

273 966 413 1006 obuios
453 965 699 1015 maximaque
738 980 828 1004 cum
866 966 997 1015 gloria,
1038 965 1226 1004 incolumi
1265 967 1454 1013 omnium,
1501 980 1600 1016 quos

236 1040 253 1070 3
273 1033 553 1078 transduxerat,
577 1045 741 1070 numero
762 1031 801 1069 in
823 1031 986 1070 hiberna
1006 1031 1218 1070 reuertitur.
1265 1033 1448 1070 reddatur
1463 1045 1598 1070 uerum

274 1098 315 1134 L.
351 1096 558 1145 Asprenati
593 1096 873 1143 testimonium,
907 1097 974 1146 qui
1007 1099 1155 1146 legatus
1190 1097 1264 1135 sub
1297 1098 1495 1135 auunculo
1529 1110 1600 1135 suo

271 1163 376 1200 Varo
392 1161 560 1199 militans
573 1175 701 1211 gnaua
716 1162 896 1212 uirilique
910 1176 1028 1212 opera
1048 1164 1214 1200 duarum
1230 1163 1440 1212 legionum,
1456 1162 1599 1212 quibus

271 1234 454 1275 praeerat,
505 1226 715 1265 exereitum
763 1226 967 1265 inmunem
1016 1235 1123 1265 tanta
1165 1227 1385 1265 calamitate
1430 1227 1600 1265 seruauit

272 1299 501 1339 matureque
531 1291 582 1328 ad
614 1290 795 1330 inferiora
826 1291 990 1329 hiberna
1019 1293 1300 1330 descendendo
1332 1291 1599 1330 uacillantium

270 1355 386 1393 etiam
427 1355 481 1394 cis
521 1357 707 1394 Rhenum
742 1356 901 1394 sitarum
935 1357 1110 1406 gentium
1149 1357 1301 1395 animos
1340 1356 1596 1394 confirmauit.

271 1427 361 1457 sunt
382 1427 524 1467 tamen,
548 1420 615 1469 qui
635 1428 677 1458 ut
707 1420 820 1459 uiuos
849 1422 900 1459 ab
930 1435 977 1459 eo
1008 1421 1239 1467 uindicatos‚
1262 1421 1315 1459 ita
1339 1421 1599 1470 iugulatorum

271 1484 345 1522 sub
374 1486 479 1522 Varo
511 1493 703 1534 occupata
733 1485 970 1524 crediderint
999 1486 1233 1535 patrimonia
1262 1485 1600 1534 hereditatemque

233 1566 251 1594 4
272 1549 390 1587 occisi
425 1550 624 1597 exercitus,
661 1550 701 1588 in
735 1559 926 1600 quantum
960 1551 1138 1598 uoluerit,
1171 1552 1222 1589 ab
1256 1564 1303 1589 eo
1337 1550 1494 1589 aditam.
1555 1552 1596 1588 L.

271 1614 388 1652 etiam
437 1615 598 1654 Caedici
646 1616 831 1666 praefecti
878 1625 1092 1655 castrorum
1141 1630 1366 1666 eorumque,
1408 1616 1475 1666 qui
1522 1630 1601 1654 una

271 1679 501 1718 circumdati
540 1680 702 1719 Alisone
741 1681 928 1719 inmensis
961 1684 1247 1720 Germanorum
1287 1681 1409 1731 copiis
1448 1681 1602 1720 obside—

272 1745 423 1792 bantur,
463 1747 662 1785 laudanda
699 1747 821 1785 uirtus
860 1755 928 1793 est,
970 1747 1036 1797 qui
1076 1747 1260 1786 omnibus
1305 1747 1599 1785 difficultatibus

271 1810 470 1860 superatis,
512 1824 608 1860 quas
657 1811 789 1862 inopia
836 1826 963 1850 rerum
1011 1812 1275 1859 intolerabilis,
1320 1812 1379 1850 uis
1426 1812 1599 1850 hostium

318 1924 330 1943 1
358 1914 540 1944 abscissum
556 1915 589 1943 A
660 1915 902 1946 Meroboduum
920 1917 952 1945 A
1043 1927 1062 1946 2
1087 1917 1242 1955 gentilitii
1259 1916 1330 1945 ΑΡ
1415 1927 1435 1955 3
1462 1916 1526 1947 His
1543 1928 1599 1947 au—

270 1958 347 1987 ditis
365 1981 372 1988 .
391 1981 398 1988 .
421 1981 428 1988 .
448 1958 642 1998 reuertitur]
660 1960 887 1998 transponebat
902 1959 1018 1989 Haase
1027 1964 1104 2000 post
1121 1970 1191 1991 120.
1208 1961 1228 1988 6
1245 1960 1410 1999 profluuio
1428 1960 1601 1999 expiraret

269 2012 288 2040 4
314 2001 444 2040 imperii
475 2000 545 2030 ΑΡ
674 2005 694 2032 6
718 2008 751 2033 et
767 2004 800 2032 A
818 2015 824 2033 z
863 2014 926 2033 om.
954 2002 1005 2033 P:
1039 2009 1072 2033 et
1103 2003 1216 2042 But-er,
1247 2004 1309 2037 sed,
1338 2008 1375 2033 ut
1399 2003 1533 2035 mdetur.
1564 2014 1603 2033 ex

269 2045 457 2081 coniectura,
470 2055 535 2074 non
553 2048 725 2084 lamquam
743 2047 774 2075 1'11
794 2045 1001 2076 Murhacensi
1012 2048 1126 2076 lectum
1253 2047 1400 2077 hostium
1417 2046 1502 2077 AP:
1531 2058 1600 2079 om.

269 2087 396 2118 Bm-sr:
415 2088 520 2118 hostis
536 2087 655 2128 Haupt
743 2091 911 2120 mentiens
927 2090 978 2119 del
989 2114 996 2126 ,
1012 2091 1082 2120 dein
1096 2091 1238 2120 metiens
1250 2091 1282 2120 A
1375 2101 1391 2128 7
1410 2091 1601 2121 minabatur

270 2131 335 2160 ΒΑ
353 2143 360 2161 :
385 2131 600 2161 minabantur
616 2132 648 2161 P
755 2135 775 2163 8
801 2133 885 2163 ultro
907 2133 940 2162 A
966 2137 995 2162 et
1013 2134 1057 2163 sic
1075 2145 1113 2163 cx
1128 2135 1202 2164 com'.
1224 2134 1441 2164 Freinsheim:
1468 2134 1554 2164 ultra
1571 2134 1604 2163 P

270 2185 362 2204 arma
379 2174 546 2204 interfecti
563 2186 638 2214 quae
656 2177 807 2214 arguisse
823 2177 908 2208 AP:
935 2188 954 2207 a
983 2177 1084 2207 insert
1102 2177 1251 2216 Lipsius:
1272 2178 1372 2207 infert
1389 2177 1477 2207 hosti
1499 2177 1599 2208 Voss:

270 2218 290 2249 i.
310 2219 402 2257 genti
420 2217 603 2249 thlznken:
629 2220 649 2250 i.
675 2220 728 2250 isti
750 2219 853 2249 Bothe
940 2231 960 2259 9
984 2230 1085 2259 quem
1111 2220 1191 2250 Voss
1211 2224 1239 2250 e!
1259 2220 1363 2250 Bollze
1450 2221 1599 2251 arcuisse

271 2272 403 2311 Lipsius
464 2268 529 2312 p—rt
547 2273 617 2310 (sed
629 2273 812 2309 inductum)
826 2278 899 2304 ante
909 2279 1005 2313 pater
1021 2275 1053 2304 A
1119 2275 1286 2314 penetrati
1298 2274 1331 2304 A
1425 2284 1461 2304 11
1481 2275 1599 2304 obuios

272 2315 318 2347 P:
357 2317 475 2346 obulos
500 2316 565 2346 BA
722 2327 760 2356 13
784 2318 966 2357 Aspernati
990 2318 1022 2347 A
1174 2328 1211 2356 14
1236 2328 1347 2357 gnaua
1374 2317 1432 2348 A:
1456 2328 1542 2347 naua
1570 2318 1603 2347 P

276 2369 312 2397 15
338 2365 472 2398 preerat
490 2360 520 2389 A
612 2360 699 2391 imm.
719 2361 789 2390 ΑΡ
876 2371 912 2399 17
939 2361 1061 2391 Rheno
1074 2361 1162 2391 AP:
1184 2372 1265 2391 num
1280 2361 1598 2393 cisrhenositarum3

273 2407 308 2432 ut
323 2404 534 2442 c01np0>it11m
546 2403 634 2440 fieret
767 2414 809 2434 20
834 2405 934 2434 occisi
952 2405 985 2434 A
1003 2416 1010 2435 z
1034 2405 1138 2434 excisi
1155 2404 1188 2434 P
1308 2404 1450 2434 ualuerit
1467 2403 1600 2444 Lipsius

273 2456 310 2475 21
327 2446 471 2476 Caeditii
487 2447 520 2476 A
537 2458 542 2477 :
561 2447 708 2477 Caedicii
727 2447 761 2477 P
846 2458 888 2477 22
905 2448 1090 2478 circumdati
1106 2448 1139 2477 A
1198 2448 1340 2478 Alisone
1351 2447 1555 2478 Rhenanus:
1579 2459 1598 2478 a

271 2488 381 2520 lisone
397 2489 429 2519 A
449 2502 456 2521 :
480 2501 499 2520 a
515 2490 661 2521 *Lisone
677 2490 710 2520 P
794 2491 937 2522 imensis
954 2491 986 2521 A
1000 2503 1006 2522 :
1031 2492 1118 2522 imm.
1133 2491 1166 2521 P
1251 2502 1292 2530 24
1316 2490 1546 2521 intollerabilis
1563 2492 1595 2521 A

900 2552 958 2581 13²

1625 918 1661 939 10

1622 1567 1662 1587 20
