1799 2864
0 110 5 121 -
0 0 10 89 -π

462 210 522 247 ΙΝ
551 209 841 247 VELLEIVM
872 209 1251 248 PATERCVLVM

201 320 323 359 uerbo,
343 320 512 354 lacunam
531 326 612 364 post
636 320 839 353 dimitteret
855 319 991 363 statuit,
1012 319 1047 354 in
1074 332 1145 365 qua
1167 320 1411 365 supplendum
1427 319 1520 354 foret

200 379 269 421 qui
282 378 569 422 proclamarent,
604 380 647 410 ut
677 376 818 410 ciuibus
834 378 1057 420 parceretur
1080 378 1194 420 (Suet.
1216 379 1321 411 Caes.
1340 386 1397 421 75,
1423 378 1519 421 App.

201 435 235 469 ii.
255 435 326 477 80).
379 434 471 468 Mihi
502 434 591 468 nihil
620 433 798 468 eiusmodi
828 434 972 468 uidetur
997 433 1197 477 excidisse;
1239 435 1303 469 sed
1329 436 1368 468 in
1398 446 1520 468 onmes

200 492 336 526 facturn
362 498 416 526 est
442 491 540 537 quod
565 491 681 525 fuerat
706 492 924 534 2·nc0lumes;
955 492 1092 526 omisso
1118 495 1160 525 ut
1182 498 1266 526 ante
1287 494 1345 525 in·
1366 493 1519 526 fortasse

200 552 286 596 quia
316 551 422 586 simili
450 551 570 596 specie
598 552 692 585 duae
721 552 790 586 hae
824 552 973 586 uoculae
1003 559 1172 586 exaratae
1205 552 1359 586 fuerant.
1412 554 1453 586 In
1480 553 1514 586 A

200 616 297 643 certe
321 613 364 642 ut
388 610 427 642 in
453 615 529 643 tam
554 608 661 642 simili
689 615 772 643 sunt
799 609 920 653 specie
948 617 1001 653 50.
1021 619 1040 642 2
1059 611 1098 643 in
1128 613 1256 643 senatu
1283 616 1320 643 ut
1344 609 1403 643 uix
1430 610 1523 644 inter

201 679 240 701 se
257 667 528 711 dignoscantur.
582 668 709 711 Itaque
735 667 889 701 militare
915 668 1065 701 uerbum
1087 669 1212 711 partis
1234 667 1324 701 erit:
1353 678 1424 711 quo
1442 667 1521 712 qui-

201 724 285 758 dem
301 725 412 758 uerbo
430 724 519 757 nihil
537 730 623 758 tunc
642 724 821 767 usitatius,
840 736 958 769 neque
977 725 1013 758 in
1032 736 1092 759 ore
1110 724 1228 768 magis
1252 725 1426 759 militibus
1445 725 1522 759 fuit.

203 781 277 814 Cic.
308 781 398 814 Phil.
424 781 496 815 xiii.
525 791 578 815 20.
605 790 648 824 47
683 783 919 816 Antoniusne
945 783 1074 827 potius
1106 786 1140 815 et
1180 783 1371 816 Ventidius
1400 784 1524 827 partis

205 839 373 872 Caesaris
401 839 632 885 defenderent
663 851 774 883 quam
801 841 970 884 primum
1004 840 1140 874 Caesar
1155 867 1162 873 .
1184 866 1191 874 .
1211 866 1218 874 .
1235 841 1364 873 deinde
1395 840 1524 873 Pansa

201 900 235 929 et
253 896 418 938 Hirtius,
437 898 504 940 qui
528 898 638 941 quasi
661 908 798 930 cornua
821 897 892 930 dua
917 901 1114 931 tenuerunt
1143 898 1319 939 Caesaris,
1338 902 1417 931 tum
1443 908 1524 932 cum

202 954 289 987 illae
306 966 391 987 uere
402 957 532 998 partes
550 954 785 988 uocabantur.
836 956 876 988 B.
891 954 1049 988 African.
1065 956 1119 997 87.
1132 965 1154 998 4
1174 956 1342 989 Caesaris
1351 956 1526 1000 partibus

190 1012 340 1056 fzzuisse
361 1011 529 1044 sciebant.
579 1011 669 1045 Vell.
692 1020 743 1054 52.
763 1021 782 1045 2
806 1023 920 1056 neque
943 1013 1106 1046 hercules
1130 1013 1332 1056 quidquam
1350 1013 1527 1057 partibus

202 1069 280 1102 illis
296 1069 484 1102 salubrius
489 1069 585 1113 fuit.
631 1070 716 1102 Luc.
735 1081 767 1102 v.
791 1078 831 1111 14
848 1070 935 1102 lVon
956 1071 1098 1114 sldagni
1105 1071 1242 1114 partis,
1260 1070 1324 1103 sed
1337 1071 1388 1103 M
1386 1081 1524 1115 agnum

202 1126 429 1170 inpartibus
453 1137 534 1168 esse,
555 1132 589 1160 et
616 1126 712 1167 alibi,
738 1137 822 1159 nam
850 1138 958 1160 nemo
985 1128 1132 1161 Lucano
1163 1127 1280 1172 magis
1311 1128 1347 1162 id
1374 1128 1526 1162 uerbum

202 1184 456 1230 frequentauit.

254 1243 460 1276 Incolumes
480 1241 595 1276 uictos
618 1242 800 1276 dimittere
822 1253 896 1277 100.
917 1253 938 1285 4
956 1255 1062 1287 quem
1083 1244 1166 1288 (Iul.
1186 1244 1402 1287 Antonium)
1429 1245 1526 1278 nicto

204 1300 283 1333 eins
308 1302 421 1344 patre
453 1311 526 1333 nan
565 1304 711 1334 tantum
746 1301 1000 1335 incolumitate
1031 1302 1248 1343 donauerat,
1283 1314 1366 1336 cum
1400 1302 1458 1336 uix
1490 1301 1525 1335 in

205 1357 505 1391 consuetudinem
536 1357 649 1402 possit
680 1358 804 1392 uenire
838 1358 1050 1402 uictoribus,
1085 1364 1119 1393 et
1151 1361 1409 1394 consuetudine
1443 1371 1525 1394 cum

207 1414 330 1459 Lipsio
348 1426 413 1459 pro
431 1426 477 1448 ex
494 1427 535 1453 c.‚
555 1422 593 1449 ut
613 1427 723 1460 saepe
741 1416 843 1458 alias,
863 1416 1037 1461 scriptum
1056 1429 1146 1451 reor.

255 1475 455 1519 Postquam
475 1475 566 1508 haec
586 1474 814 1518 scripseram,
834 1475 903 1518 legi
927 1487 1019 1521 quae
1039 1477 1083 1510 de
1101 1477 1171 1510 hoc
1195 1477 1274 1510 loco
1294 1478 1338 1511 G.
1356 1477 1399 1510 A.
1420 1477 1527 1510 Koch

207 1532 376 1566 disseruit
414 1533 595 1577 (Quaestt.
633 1533 716 1567 Vell.
747 1534 897 1577 Lipsiae
930 1535 1029 1577 1866,
1056 1546 1090 1579 p.
1120 1535 1187 1577 16).
1240 1535 1337 1569 Huic
1371 1545 1529 1579 quoque,

208 1589 300 1624 sicut
326 1590 444 1630 nobis,
465 1589 554 1623 nihil
580 1590 758 1624 excidisse
784 1591 938 1633 uidetur,
959 1603 1040 1626 cum
1068 1593 1221 1626 uerbum
1246 1593 1462 1627 dimittendi
1477 1592 1529 1626 sic

207 1650 362 1695 accipiat
381 1657 417 1684 ut
437 1650 482 1684 sit
496 1650 684 1684 discedere
704 1650 826 1684 iubere
845 1662 893 1685 sc.
908 1663 951 1685 ex
969 1663 1089 1696 pugna
1105 1651 1320 1686 inclinatam
1336 1651 1529 1695 Pompeia-

206 1721 336 1743 norum
355 1709 483 1752 aciem,
502 1709 705 1743 dimitteret
727 1716 849 1743 autem
872 1717 986 1743 mutat
1007 1710 1041 1744 in
1059 1711 1246 1743 dimittere
1263 1722 1346 1744 cum
1376 1709 1531 1751 Haasio,

207 1770 308 1805 cuius
339 1769 506 1804 infinitiui
534 1776 615 1814 post
641 1770 740 1803 nillil
762 1772 965 1814 antiquius,
984 1772 1099 1815 prius
1116 1772 1177 1815 (3⁴6.
1204 1770 1371 1814 exempla
1395 1769 1530 1813 allegat

211 1830 307 1862 Suet.
326 1827 452 1862 Claud.
472 1837 484 1861 1
495 1837 507 1861 Ι
530 1828 629 1860 nillil
642 1828 838 1871 antiquius
855 1827 966 1861 duxit
981 1839 1093 1871 quani
1112 1828 1155 1861 id
1168 1828 1319 1861 biduum
1338 1829 1532 1861 memoriae

208 1888 373 1920 eximere.
410 1886 486 1919 Liu.
501 1885 644 1919 xxxviii.
660 1894 715 1928 47.
730 1895 752 1928 4
766 1886 986 1930 niliilprius
1003 1898 1066 1920 nec
1074 1888 1204 1931 potius
1222 1888 1343 1920 uisum
1358 1890 1409 1919 est
1419 1897 1531 1929 qnam

208 1948 380 1989 responsa
398 1945 567 1988 accipere.

256 2012 306 2046 54
328 2012 340 2036 1
372 2003 457 2035 Non
483 2001 549 2036 fuit
579 2013 653 2035 non
681 2001 798 2036 maior
823 2002 859 2036 in
888 2004 1084 2036 Caesarem
1111 2014 1222 2048 quam
1249 2003 1284 2036 in
1312 2002 1530 2046 Pompeium

208 2061 326 2094 fuerat
363 2060 457 2104 regis
497 2071 696 2105 eorumque
733 2072 886 2106 quorum
921 2060 950 2095 is
985 2061 1240 2095 auctoritatem
1277 2060 1328 2105 (m
1363 2059 1529 2104 inducta)

209 2121 403 2164 regebatur
421 2120 521 2154 fides.
533 2121 583 2155 A.

255 2190 328 2212 non
356 2178 421 2212 fuit
448 2178 563 2212 maior
589 2179 633 2221 P,
659 2179 725 2212 sed
746 2179 943 2213 adnotauit
967 2180 1093 2213 Burer
1117 2179 1190 2213 ‘ex.
1218 2185 1288 2213 uet.
1315 2178 1426 2212 habet
1447 2179 1532 2211 Non

210 2236 275 2270 fuit
294 2248 366 2269 non
386 2236 503 2269 maior
527 2236 562 2269 in
588 2247 761 2270 caesarem
780 2237 844 2270 ἃς.
865 2237 951 2270 mihi
980 2237 1123 2271 uidetur
1146 2237 1354 2281 legendum,
1373 2247 1446 2269 non
1468 2235 1534 2270 suit

211 2302 334 2329 tamen
354 2294 469 2329 maior
487 2294 522 2328 in
541 2306 716 2329 caesarem
736 2296 811 2330 &a²

257 2354 398 2387 Rursus
414 2353 648 2387 Amerbachii
665 2353 773 2387 fidem
791 2353 1021 2387 confirmauit
1042 2355 1166 2395 Burer,
1180 2351 1335 2387 eleuauit
1351 2351 1534 2385 Rhenani.

213 2411 288 2444 Sed
313 2421 381 2444 nec
407 2410 634 2454 probabilius
661 2411 878 2445 emendatus
905 2418 958 2445 est
986 2423 1086 2445 error
1110 2422 1220 2455 quam
1246 2410 1280 2443 in
1306 2409 1365 2443 illo
1388 2413 1532 2451 tamen;

212 2469 387 2514 namsuit
404 2472 456 2510 tn,
476 2479 582 2502 erasa
601 2468 716 2502 altera
733 2468 851 2513 t‚fuit
868 2472 892 2501 ᾗ
909 2468 1045 2502 factum
1064 2475 1129 2502 est.

846 2532 906 2572 163
1304 2523 1374 2563 11*
