1799 2864
711 211 881 248 LIBER
912 211 953 248 ΙΙ

173 323 331 362 Asinius
365 337 453 361 curn
488 330 636 372 septem
676 321 906 371 legionibus,
941 321 1008 360 diu
1043 329 1190 360 retenta
1228 321 1267 359 in
1303 329 1492 371 potestate

174 387 322 426 Antoni
352 387 527 433 Venetia,
559 386 708 435 magnis
742 385 1006 435 speciosisque
1038 387 1152 423 rebus
1184 386 1285 424 circa
1316 386 1491 424 Altinum

173 452 344 501 aliasque
365 451 446 489 eius
467 450 632 500 regionis
654 450 758 487 urbis
785 449 909 496 editis,
933 449 1150 487 Antonium
1181 458 1328 499 petens,
1351 463 1493 499 uagum

173 517 302 554 adhuc
331 514 560 561 Domitium,
583 528 699 563 quem
727 514 942 563 digressum
970 527 991 551 e
1022 513 1216 551 Brutianis
1246 513 1378 551 castris
1408 521 1496 562 post

138 595 154 624 5
174 583 334 619 caedem
366 580 448 618 eius
479 579 739 629 praediximus
766 587 804 617 et
824 578 1000 628 propriae
1021 578 1152 616 classis
1173 580 1318 616 factum
1340 580 1494 623 ducem,

174 645 344 684 consiliis
379 644 456 682 suis
485 645 687 684 †electum
722 657 768 681 ac
799 644 876 681 fide
907 645 999 681 data
1027 642 1150 680 iunxit
1179 642 1378 680 Antonio:
1418 656 1497 691 quo
1518 657 1534 685 3

174 710 287 755 facto,
321 708 495 758 quisquis
526 722 695 757 aequum
731 722 771 746 se
805 707 1045 757 praestiterit,
1079 707 1175 745 sciat
1208 720 1288 745 non
1319 706 1446 744 minus
1476 720 1498 743 a

175 774 351 812 Pollione
373 774 411 811 in
432 773 649 812 Antonium
671 786 788 822 quam
813 773 864 810 ab
890 771 1065 810 Antonio
1095 771 1133 809 in
1165 771 1384 809 Pollionem
1414 784 1499 808 esse

175 841 369 877 collatum.
428 840 621 877 aduentus
651 837 794 876 deinde
821 837 860 874 in
889 836 1041 875 Italiam
1069 836 1217 874 Antoni
1238 843 1500 886 praeparatus-

119 918 156 940 ιο
175 917 252 953 que
273 912 407 942 contra
436 918 526 942 eum
559 903 735 942 Caesaris
762 902 899 940 habuit
920 901 1010 940 belli
1032 910 1192 947 metum,
1215 903 1284 939 sed
1305 915 1378 950 pax
1399 900 1500 938 circa

177 969 428 1008 Brundisium
459 968 686 1018 composita.
746 981 814 1017 per
840 981 940 1017 quae
970 975 1146 1017 tempora
1168 968 1259 1004 Rufi
1287 965 1500 1004 Saluidieni
1520 975 1538 1003 4

176 1037 339 1073 scelesta
373 1033 534 1072 consilia
572 1034 764 1083 patefacta
796 1040 908 1070 sunt:
957 1031 1023 1081 qui
1062 1040 1175 1069 natus
1216 1030 1501 1069 obscurissimis

176 1100 292 1138 initiis
323 1114 458 1150 parum
489 1099 659 1137 habebat
688 1112 842 1136 summa
869 1097 1067 1147 accepisse
1096 1105 1134 1135 et
1163 1096 1360 1146 proximus
1384 1110 1406 1134 a
1427 1097 1499 1135 Cn.

178 1165 368 1215 Pompeio
400 1165 564 1214 ipsoque
596 1165 762 1203 Caesare
793 1163 981 1213 equestris
1011 1162 1157 1201 ordinis
1188 1163 1325 1200 consul
1352 1169 1502 1199 creatus

122 1247 157 1278 ¹5
177 1245 272 1277 esse,
302 1230 375 1268 nisi
409 1230 448 1268 in
482 1230 522 1268 id
553 1229 833 1275 adscendisset,
866 1242 887 1267 e
917 1241 996 1277 quo
1028 1228 1126 1265 infra
1153 1241 1193 1265 se
1223 1235 1261 1265 et
1294 1228 1501 1266 Caesarem

179 1295 328 1333 uideret
348 1303 385 1333 et
406 1308 486 1332 rem
507 1293 716 1343 publicam.

233 1361 337 1397 Tum
370 1360 640 1408 expostulante
672 1371 866 1395 consensu
898 1356 1044 1407 populi,
1068 1370 1185 1406 quem
1213 1355 1339 1405 grauis
1369 1355 1505 1392 urebat
1523 1361 1572 1398 77

181 1425 321 1463 infesto
342 1424 437 1462 mari
457 1437 625 1470 annona,
649 1437 737 1461 cum
764 1422 954 1472 Pompeio
981 1436 1139 1471 quoque
1172 1421 1272 1459 circa
1305 1420 1504 1458 Misenum

181 1504 255 1540 pax
284 1489 388 1536 inita,
412 1489 478 1540 qui
508 1491 613 1527 haud
644 1490 823 1535 absurde,
847 1502 936 1526 cum
967 1488 1005 1526 in
1036 1487 1126 1525 naui
1151 1489 1439 1535 Caesaremque
1469 1493 1507 1523 et

124 1569 161 1589 20
182 1554 400 1593 Antonium
433 1567 530 1592 cena
561 1553 764 1603 exciperet,
800 1552 896 1591 dixit
927 1552 966 1590 in
998 1552 1137 1590 carinis
1176 1551 1254 1589 suis
1289 1565 1329 1589 se
1368 1563 1504 1588 cenam

181 1621 283 1666 dare,
315 1621 482 1658 referens
513 1621 589 1657 hoc
620 1619 768 1657 dictum
800 1620 850 1656 ad
880 1618 955 1656 loci
985 1631 1142 1664 nomen,
1169 1617 1207 1654 in
1238 1630 1317 1666 quo
1347 1624 1507 1665 paterna

181 1687 323 1724 domus
361 1686 412 1723 ab
454 1684 629 1723 Antonio
668 1683 950 1733 possidebatur.
1009 1682 1048 1720 in
1091 1684 1167 1720 hoc
1205 1682 1311 1731 pacis
1350 1683 1542 1719 foederez

182 1749 326 1799 placuit
360 1749 531 1788 Siciliam
566 1749 837 1798 Achaiamque
872 1747 1063 1797 Pompeio
1097 1749 1325 1793 concedere,
1359 1746 1398 1783 in
1428 1759 1508 1795 quo

183 1823 313 1853 tamen
343 1814 496 1852 animus
528 1814 680 1863 inquies
712 1827 869 1852 manere
900 1827 980 1852 non
1012 1813 1148 1862 potuit.
1208 1812 1247 1851 id
1278 1826 1399 1850 unum
1431 1819 1511 1849 tan-

125 1893 161 1924 25
183 1881 390 1917 tummodo
420 1880 584 1917 salutare
611 1880 785 1917 aduentu
812 1892 883 1916 suo
910 1877 1055 1928 patriae
1077 1877 1173 1923 tulit,
1197 1878 1304 1926 quod
1326 1875 1510 1914 omnibus

227 1993 246 2013 2
270 1981 411 2012 Antonii
436 1980 506 2010 ΑΡ
655 1991 674 2020 3
699 1981 798 2011 urbes
822 1980 893 2010 ΑΡ
1042 1989 1061 2018 5
1086 1979 1221 2019 proprie
1237 1979 1295 2010 A:
1320 1990 1463 2018 proprae
1480 1978 1512 2008 Β

183 2028 204 2057 6
228 2026 386 2056 inlectum
406 2024 573 2055 Gelenius:
597 2035 639 2054 an
658 2025 861 2064 pellectum?
1006 2024 1025 2053 8
1051 2023 1192 2054 Polione
1208 2023 1241 2052 A
1336 2023 1509 2052 polionem

183 2070 217 2100 A
354 2080 374 2107 9
399 2068 483 2098 conl.
504 2067 574 2097 ΑΡ
669 2073 956 2107 praeparatusque
981 2067 1070 2098 AP:
1109 2071 1313 2106 paratusque
1344 2067 1510 2096 Gelenius:

184 2118 433 2152 apparatusque
458 2112 552 2141 Kritz
575 2114 603 2140 et
625 2115 698 2141 cmle
721 2122 795 2141 eum
819 2111 964 2150 Sylburg
1120 2121 1158 2140 10
1182 2116 1299 2140 contra
1316 2120 1393 2139 eum
1412 2109 1511 2140 Caes.

184 2157 274 2187 BA:
311 2157 406 2186 Caes.
433 2156 520 2186 circa
546 2165 621 2184 eum
638 2155 671 2184 Ρ
803 2165 837 2184 11
866 2154 1091 2184 Brundusium
1119 2153 1152 2183 P
1198 2163 1325 2193 perque
1349 2152 1381 2181 A
1432 2153 1512 2182 Rufi

184 2200 217 2230 A
235 2213 242 2231 ι
268 2200 356 2230 Ruffi
369 2199 401 2229 P
449 2198 642 2228 Saluidienis
655 2198 792 2228 caelesta
805 2198 837 2227 A
933 2208 970 2236 13
994 2208 1154 2228 summam
1171 2197 1247 2233 ΑΡ,
1268 2207 1327 2227 em.
1345 2196 1515 2226 Aa‘dalz'us

188 2254 224 2282 14
251 2254 293 2274 ex
318 2243 466 2282 equestri
486 2242 666 2281 (sequestri
683 2242 716 2271 A
735 2253 742 2272 :
769 2242 935 2280 equestris
959 2241 1002 2280 P)
1020 2241 1147 2271 ordinis
1164 2240 1280 2270 BAP:
1305 2251 1345 2269 ex
1365 2239 1512 2278 equestri

186 2288 306 2318 ordine
327 2287 488 2317 Gelenius:
515 2285 681 2323 equestris
701 2286 830 2315 ordinis
848 2285 1123 2323 Hez'usiustfort.
1147 2294 1189 2313 ex
1210 2284 1322 2322 equite
1344 2283 1513 2321 equestris

187 2342 314 2372 ordinis
326 2341 443 2371 consul
492 2335 631 2370 C‘OYS.
649 2339 682 2369 A
777 2348 814 2378 15
839 2340 872 2369 in
893 2339 925 2369 id
942 2338 1132 2369 Puteanus:
1158 2339 1189 2368 in
1210 2339 1236 2367 is
1255 2337 1319 2366 BA
1338 2348 1344 2367 ε
1369 2337 1465 2367 simul
1483 2337 1516 2367 P

187 2396 254 2415 asc.
272 2384 342 2414 ΑΡ
398 2395 416 2414 e
434 2394 501 2423 quo
518 2383 569 2413 P:
594 2393 681 2421 equo
698 2382 764 2412 BA
881 2392 917 2421 17
943 2382 1082 2421 urgebat
1104 2381 1276 2411 Aw'dalins
1395 2391 1432 2420 19
1456 2381 1513 2411 ab-

187 2430 288 2459 surde
316 2428 519 2458 Rhenanus:
551 2427 695 2456 absurdo
720 2426 809 2456 AP:
844 2437 887 2456 an
915 2426 1062 2456 absurdo
1088 2426 1183 2456 ioco?
1294 2434 1336 2454 20
1360 2423 1514 2455 cenaA:

187 2483 284 2504 coena
301 2472 333 2502 Ρ
439 2480 480 2509 25
505 2470 612 2510 patrie
628 2470 661 2499 A
752 2470 863 2500 attulit
879 2469 912 2499 P

828 2531 865 2563 91
