1799 2864
131 929 170 950 10

133 1247 171 1279 15

132 1573 171 1594 20

729 215 899 252 LIBER
928 215 970 252 II

191 336 270 366 erat
291 326 602 366 desiderantibus
622 333 798 375 paratum
819 324 995 362 iunctum
1016 324 1253 371 uehiculum,
1271 325 1407 363 lectica
1428 324 1509 363 eius
1531 340 1544 360 2

192 391 398 441 publicata,
421 390 530 429 cuius
550 403 659 428 usum
680 402 769 427 cum
790 388 854 426 alii
875 396 957 426 tum
984 401 1056 437 ego
1083 388 1208 426 sensi:
1249 388 1325 426 iam
1356 389 1509 436 medici,

191 456 267 495 iam
288 463 493 506 apparatus
514 454 601 501 cibi,
624 453 700 491 iam
728 453 767 491 in
793 454 870 492 hoc
899 454 1026 491 solum
1055 453 1123 490 uni
1151 461 1347 502 portatum
1378 454 1513 492 instru-

192 531 367 561 mentum
400 520 542 559 balinei
576 520 718 558 nullius
753 534 832 558 non
867 519 1053 558 succurrit
1088 519 1326 558 ualetudini:
1370 521 1512 558 domus

190 595 341 625 tantum
370 600 416 624 ac
447 585 653 624 domestici
686 586 857 631 deerant,
889 592 1061 622 ceterum
1091 584 1198 631 nihil,
1221 586 1328 633 quod
1357 585 1408 622 ab
1439 585 1512 622 illis

189 660 255 690 aut
284 651 467 701 praestari
499 658 566 689 aut
599 649 809 689 desiderari
840 657 982 699 posset.
1054 649 1221 688 adiciam
1251 649 1358 696 illud,
1390 652 1509 699 quod,
1529 666 1546 695 3

190 716 365 766 quisquis
404 716 477 754 illis
517 715 758 765 temporibus
806 715 988 762 interfuit,
1028 722 1070 753 ut
1108 715 1192 762 alia,
1233 728 1334 764 quae
1372 715 1511 762 rettuli,

188 789 374 831 agnoscet
395 781 570 831 protinus
590 796 596 818 :
627 781 732 818 solus
753 793 906 829 semper
926 793 1028 829 equo
1049 787 1185 817 uectus
1206 787 1274 826 est,
1297 780 1402 817 solus
1423 793 1513 817 cum

189 846 245 893 iis,
268 860 367 896 quos
388 845 630 892 inuitauerat,
653 844 798 883 maiore
819 852 926 894 parte
952 844 1187 883 aestiuarum
1219 843 1513 894 expeditionum

190 911 345 950 cenauit
387 913 553 950 sedens:
611 923 691 948 non
730 909 984 959 sequentibus
1023 909 1280 959 disciplinam,
1321 917 1513 958 quatenus

189 976 368 1025 exemplo
415 989 495 1013 non
542 975 768 1020 nocebatur,
818 973 967 1023 ignouit
981 988 990 1021 ,-
1050 973 1267 1013 admonitio
1319 975 1513 1023 frequens,

189 1044 211 1080 †
226 1040 348 1078 inerat
368 1048 406 1078 et
433 1038 644 1089 castigatio,
667 1038 842 1076 uindicta
862 1037 1064 1085 rarissima,
1086 1039 1304 1088 agebatque
1326 1038 1512 1085 medium,

189 1105 353 1155 plurima
391 1103 682 1150 dissimulantis,
721 1103 851 1152 aliqua
884 1103 1105 1141 inhibentis.
1175 1103 1328 1153 hiemps
1368 1105 1551 1147 emolu-4

191 1180 365 1209 mentum
398 1169 535 1220 patrati
565 1169 655 1208 belli
686 1169 860 1215 contulit,
884 1170 953 1207 sed
973 1169 1194 1218 insequenti
1219 1177 1365 1207 aestate
1386 1169 1514 1207 omnis

192 1235 395 1273 Pannonia
442 1234 611 1283 reliquiis
657 1233 773 1272 totius
815 1233 905 1271 belli
947 1233 986 1271 in
1031 1233 1227 1272 Delmatia
1264 1233 1514 1272 manentibus

190 1312 326 1349 pacem
348 1298 467 1349 petiit.
526 1300 695 1336 ferocem
717 1297 821 1335 illam
851 1305 908 1336 tot
938 1297 1087 1335 milium
1117 1298 1373 1345 iuuentutem,
1396 1299 1513 1347 paulo

188 1371 278 1401 ante
299 1364 525 1402 seruitutem
554 1363 741 1401 minatam
770 1362 916 1409 Italiae,
939 1364 1205 1401 conferentem
1235 1377 1341 1401 arma
1370 1362 1512 1412 quibus

190 1441 258 1465 usa
279 1437 357 1466 erat
378 1430 483 1478 apud
513 1430 659 1466 fiumen
689 1426 849 1465 nomine
880 1427 1092 1465 Bathinum
1122 1435 1512 1478 prosternentemque

190 1506 230 1530 se
251 1492 473 1530 uniuersam
493 1492 657 1542 genibus
678 1492 930 1542 imperatoris,
955 1495 1226 1542 Batonemque
1247 1501 1285 1531 et
1306 1493 1512 1531 Pinnetem

190 1557 471 1596 excelsissimos
503 1559 635 1604 duces,
659 1565 815 1606 captum
843 1559 1017 1604 alterum,
1039 1559 1203 1596 alterum
1229 1572 1252 1596 a
1272 1571 1312 1596 se
1333 1557 1510 1596 deditum

189 1621 297 1660 iustis
331 1622 598 1660 uoluminibus
632 1622 768 1661 ordine
802 1622 1055 1670 narrabimus,
1088 1631 1131 1661 ut
1159 1636 1282 1672 spero.
1332 1622 1547 1664 autumni5

190 1702 208 1722 »κ
227 1701 245 1721 *
260 1687 386 1725 uictor
398 1687 437 1725 in
458 1687 622 1725 hiberna
637 1687 834 1725 reducitur
847 1687 1046 1734 exercitus,
1066 1687 1175 1726 cuius
1189 1688 1372 1726 omnibus
1389 1687 1512 1737 copiis

234 1800 247 1819 1
274 1790 401 1820 laetitia
417 1790 485 1827 del„
506 1789 575 1819 dein
593 1794 752 1829 suprascr.
770 1789 888 1820 lectica
905 1790 937 1819 A
1029 1800 1048 1819 2
1073 1801 1169 1820 usum
1184 1790 1257 1821 add.
1270 1789 1404 1830 szsz'us
1491 1801 1510 1829 3

188 1844 241 1864 um
256 1833 324 1871 dcli,
339 1833 410 1863 dein
423 1839 582 1872 suprascr.
600 1834 658 1863 uni
676 1837 845 1871 portatum
861 1833 894 1862 A
913 1845 919 1864 :
944 1834 1159 1872 importatum
1177 1834 1226 1864 P:
1255 1845 1321 1864 una
1340 1845 1369 1873 p.
1391 1834 1508 1865 Orelli:

190 1879 196 1893 ‘
209 1877 266 1906 uni
281 1877 424 1916 praafcro
435 1877 756 1916 propteroppositum
770 1876 896 1906 nullius
909 1887 976 1907 non
989 1879 996 1888 ¹
1017 1876 1055 1908 G.
1073 1878 1118 1907 A.
1132 1877 1221 1907 Koclz
1310 1890 1329 1916 4
1354 1878 1464 1907 baline
1476 1878 1508 1906 A

186 1930 205 1958 5
229 1921 331 1958 quod,
346 1921 517 1959 postremis
536 1921 638 1950 tribus
655 1920 765 1949 litteris
780 1920 926 1958 inductis,
945 1920 979 1950 A
1047 1922 1068 1950 6
1090 1921 1224 1950 aditiam
1236 1920 1268 1950 A
1286 1932 1293 1950 t
1309 1922 1463 1951 adiiciam
1481 1921 1514 1950 P

188 1974 204 2002 7
229 1973 295 2001 que
313 1963 412 1993 retuli
429 1963 461 1992 A
552 1965 572 1993 8
596 1974 684 2002 equo
697 1962 748 1993 P:
773 1973 813 1992 eo
826 1974 893 2002 quo
910 1963 942 1992 A
1037 1974 1075 1993 10
1099 1975 1171 1995 cen.
1185 1964 1217 1993 A
1237 1975 1243 1993 :
1261 1974 1345 1995 coen.
1359 1964 1392 1993 P
1472 1974 1510 1993 12

187 2007 295 2036 inerat
315 2005 402 2036 AF:
426 2007 593 2036 interdum
607 2007 659 2036 uir
667 2006 776 2036 doctus
788 2007 966 2046 inEplzem.
983 2006 1122 2047 Gottt'ng.
1141 2018 1170 2037 α.
1188 2017 1278 2046 1779,
1293 2008 1512 2046 idqueplacuit

186 2050 330 2080 Km'teio:
365 2050 494 2079 interea
516 2050 679 2080 leomas:
712 2050 841 2080 incerta
870 2051 950 2089 (orn.
979 2055 1025 2089 et)
1049 2062 1105 2090 ego
1133 2052 1165 2080 in
1184 2051 1411 2080 Hermathena
1431 2051 1515 2080 armi

190 2095 270 2132 1897
283 2098 316 2132 p.
330 2103 369 2122 21
435 2093 638 2123 amarissima
654 2093 743 2123 AP:
768 2094 936 2123 rarissima
948 2093 1151 2124 Rhenanus:
1176 2094 1304 2123 uidetur
1313 2105 1349 2124 ex
1361 2095 1510 2124 uindicta

181 2138 350 2176 geminata
362 2147 380 2166 a
393 2136 589 2166 adlzaessisse
600 2137 743 2176 sequenti
752 2137 919 2166 rarissima
934 2148 939 2167 ;
964 2137 1021 2166 lzoc
1029 2148 1102 2166 cum
1116 2149 1179 2167 non
1192 2138 1272 2167 satis
1284 2138 1514 2177 intellegeretur

186 2180 266 2219 qm‘a'
278 2182 496 2217 esset‚factum
507 2184 551 2209 est
561 2180 768 2210 amarissima
860 2190 897 2218 13
915 2180 1024 2219 aliqua
1035 2181 1068 2209 A
1172 2191 1209 2219 14
1228 2192 1294 2210 non
1310 2181 1383 2210 tulit
1394 2181 1514 2210 Friebel

188 2223 220 2252 in
238 2234 309 2262 seq.
328 2223 360 2251 A
499 2232 535 2261 15
561 2223 698 2262 reliquis
721 2223 792 2262 del„
815 2223 885 2253 dein
909 2229 1070 2263 suprascr.
1093 2224 1244 2263 reliquiis
1269 2224 1300 2252 A
1471 2225 1511 2253 16

187 2267 272 2296 Fero
291 2276 410 2296 uocem
431 2265 487 2295 A:
512 2277 554 2296 an
583 2267 805 2297 ferociorem?
941 2277 978 2305 17
1003 2269 1125 2306 quibus
1140 2268 1188 2299 P:
1215 2268 1270 2305 qui
1296 2267 1353 2297 A:
1387 2267 1509 2305 quibus

186 2310 290 2340 abusa
316 2309 430 2338 Haase
559 2320 597 2348 19
622 2310 777 2340 Pinetem
804 2309 879 2347 ΑΡ,
906 2311 963 2340 sed
986 2311 1022 2350 cf.
1054 2321 1124 2342 110.
1152 2322 1170 2348 4
1301 2321 1343 2340 20
1366 2311 1509 2340 alterum

185 2354 282 2382 semd
296 2352 373 2389 ΑΡ,
391 2352 448 2382 sed
465 2351 648 2383 Rhenanus
665 2356 672 2369 ί
685 2353 826 2383 alterum
848 2354 949 2384 deesse
969 2354 1112 2383 uidetur⁷
1179 2365 1198 2384 a
1215 2364 1251 2384 se
1269 2354 1354 2386 AP:
1379 2365 1398 2384 a
1414 2354 1508 2384 socio

186 2396 366 2426 Burmann
382 2407 388 2425 ε
409 2395 491 2434 fort.
510 2406 569 2435 per
585 2406 622 2427 se
746 2390 790 2426 21⁴
811 2397 908 2427 initio
931 2398 983 2427 uel
1002 2398 1068 2428 fine
1085 2398 1298 2437 suppleuerim
1314 2408 1320 2428 :
1345 2402 1507 2427 autumno

189 2438 336 2469 Gelenius

820 2545 879 2577 125
