1799 2864
131 923 167 943 10

726 220 895 256 LIBER
926 220 967 256 II

190 334 244 370 M.
279 333 486 379 Antonius,
521 331 705 370 omnibus
742 330 935 369 audendis
973 330 1249 379 paratissimus,
1285 331 1509 368 consulatus

188 399 346 446 collega,
374 396 617 445 imponendo
650 394 767 444 capiti
800 394 882 432 eius
918 394 1198 443 Lupercalibus
1237 393 1408 432 sedentis
1439 406 1509 442 pro

188 461 318 499 rostris
351 460 502 509 insigne
532 459 691 509 regium,
724 460 833 508 quod
866 459 916 496 ab
950 471 998 496 eo
1029 458 1082 495 ita
1115 459 1312 507 repulsum
1344 466 1434 503 erat,
1468 465 1509 494 ut

188 538 267 563 non
298 526 468 562 offensus
498 523 704 561 uideretur.

242 589 501 626 Laudandum
522 586 758 636 experientia
773 586 979 624 consilium
1010 594 1066 624 est
1083 588 1233 623 Pansae
1253 593 1370 634 atque
1393 585 1508 632 Hirti,
1527 590 1574 628 57

187 651 253 701 qui
291 665 444 700 semper
481 651 749 700 praedixerant
789 650 956 697 Caesari,
998 658 1039 688 ut
1086 650 1347 699 principatum
1394 649 1510 687 armis

187 715 406 764 quaesitum
427 715 542 753 armis
563 723 734 753 teneret:
765 715 828 752 ille
849 714 1031 752 dictitans
1058 714 1157 752 mori
1183 727 1224 751 se
1245 727 1363 763 quam
1385 713 1509 751 timeri

187 781 417 827 malle,dum
431 780 691 827 clementiam,
711 793 829 829 quam
843 779 1094 829 praestiterat,
1104 786 1312 828 exspectat,
1331 778 1510 816 incautus

185 845 235 883 ab
256 845 412 895 ingratis
433 855 646 895 occupatus
674 854 742 892 est,
765 859 855 883 cum
876 845 1036 895 quidem
1060 844 1227 894 plurima
1252 844 1287 882 ei
1313 843 1511 893 praesagia

186 919 303 960 atque
323 910 468 949 indicia
488 911 541 949 dii
562 911 786 949 inmortales
807 910 924 948 futuri
945 910 1177 948 obtulissent
1198 908 1369 958 periculi.
1420 922 1509 946 nam
1532 924 1545 944 2

186 984 223 1013 et
244 975 467 1024 haruspices
494 984 832 1025 praemonuerant,
854 984 896 1013 ut
923 974 1218 1025 diligentissime
1244 974 1381 1012 iduum
1411 975 1511 1010 Mar-

186 1038 325 1077 tiarum
363 1048 518 1078 caueret
556 1040 672 1086 diem,
706 1048 744 1078 et
781 1053 877 1078 uxor
911 1039 1122 1089 Calpurnia
1155 1038 1285 1076 territa
1318 1046 1511 1076 nocturno

186 1103 283 1150 uisu,
307 1112 348 1142 ut
378 1118 423 1142 ea
452 1104 516 1142 die
546 1104 654 1142 domi
684 1104 921 1151 subsisteret,
948 1104 1094 1150 orabat,
1121 1111 1158 1141 et
1187 1102 1308 1141 libelli
1338 1102 1511 1140 coniura-

186 1168 335 1207 tionem
369 1169 593 1207 nuntiantes
625 1169 705 1207 dati
736 1183 865 1219 neque
896 1169 1072 1218 protinus
1105 1169 1156 1206 ab
1188 1182 1234 1207 eo
1268 1168 1358 1206 lecti
1390 1176 1507 1206 erant.

151 1247 164 1275 5
187 1235 256 1272 sed
285 1235 460 1283 profecto
490 1233 757 1272 ineluctabilis
780 1235 947 1271 fatorum
981 1233 1051 1280 uis,
1084 1233 1367 1281 cuiuscumque
1396 1233 1512 1270 fortu-
1533 1246 1550 1276 3

187 1312 278 1336 nam
299 1307 448 1337 mutare
469 1299 680 1346 constituit,
703 1299 865 1337 consilia
885 1298 1107 1348 corrumpit.

242 1364 334 1412 Quo
372 1378 477 1402 anno
512 1364 551 1402 id
585 1364 637 1402 ita
670 1373 872 1413 patrauere
906 1364 1067 1410 facinus,
1098 1366 1240 1401 Brutus
1280 1371 1318 1401 et
1353 1362 1512 1402 Cassius
1531 1362 1581 1409 58

187 1437 383 1478 praetores
415 1437 533 1475 erant,
565 1431 612 1466 D.
638 1431 780 1466 Brutus
807 1431 943 1467 consul
971 1429 1220 1478 designatus:
1251 1428 1290 1465 hi
1318 1441 1395 1465 una
1421 1441 1511 1465 cum
1534 1446 1547 1466 2

188 1492 466 1530 coniurationis
504 1493 634 1542 globo,
675 1493 805 1542 stipati
842 1493 1100 1542 gladiatorum
1142 1495 1189 1530 D.
1232 1492 1341 1530 Bruti
1380 1506 1510 1538 manu,

131 1570 144 1590 2
188 1556 426 1605 Capitolium
455 1570 708 1606 occupauere.
768 1566 850 1594 tum
878 1560 1015 1596 consul
1037 1557 1233 1595 Antonius
1262 1556 1396 1607 (quem
1422 1570 1511 1594 cum

187 1625 302 1661 simul
344 1624 659 1662 interemendum
701 1624 916 1662 censuisset
955 1623 1113 1662 Cassius
1156 1630 1514 1670 testamentumque

188 1688 364 1727 Caesaris
402 1689 655 1735 abolendum,
693 1691 835 1726 Brutus
874 1694 1157 1736 repugnauerat
1196 1685 1378 1724 dictitans
1418 1685 1513 1723 nihil

186 1753 352 1803 amplius
374 1753 526 1791 ciuibus
542 1761 692 1802 pnaeter
708 1752 968 1802 tyranni—ita
981 1751 1085 1789 enim
1102 1749 1287 1800 appellari
1305 1751 1512 1788 Caesarem

234 1868 245 1887 1
273 1858 501 1897 paratissimos
524 1857 763 1888 consulatosA
781 1869 788 1888 z
811 1857 868 1887 sed
881 1857 1076 1888 consulatos
1092 1855 1322 1895 superlz'neanz
1400 1865 1418 1884 2
1444 1854 1511 1893 inp.

186 1901 218 1930 A
289 1911 308 1939 3
326 1902 370 1931 ita
389 1926 395 1932 .
415 1927 421 1933 .
440 1926 446 1932 .
466 1901 615 1931 offensus
626 1901 810 1931 Rhenanus
823 1913 837 1932 ε’
856 1902 887 1931 id
907 1927 912 1932 .
932 1926 938 1932 .
956 1925 963 1932 .
981 1901 1147 1930 offensum
1158 1898 1229 1928 ΑΡ
1293 1907 1312 1936 5
1331 1897 1518 1927 HirtiiAP

188 1954 204 1982 7
231 1944 339 1974 timeri
363 1955 402 1974 ex
419 1945 538 1975 timere
562 1945 619 1975 A1:
649 1945 757 1974 timeri
782 1944 836 1974 P:
868 1945 989 1975 timere
1014 1943 1153 1972 malebat
1183 1942 1219 1973 G.
1243 1941 1290 1972 A.
1315 1942 1405 1971 Koclz
1430 1941 1518 1980 quod

188 1987 382 2027 responderet
404 1989 506 2018 uerbis
520 1987 690 2018 Plutarchi
706 1988 792 2019 Caes.
810 1997 850 2027 57
875 1987 1009 2022 βέλτιόν
1034 1986 1121 2016 ἐστιν
1143 1985 1222 2024 ἅπαξ
1243 1985 1414 2014 ἀποθανεῖν
1430 1983 1449 2022 ἢ
1466 1984 1512 2014 ἀεὶ

185 2031 411 2068 προσδοκᾶν
435 2035 462 2060 el
474 2031 563 2061 Suel.
580 2031 665 2063 Caes.
687 2032 729 2061 86
746 2031 885 2061 insidias
903 2031 1051 2069 undique
1069 2029 1264 2059 inminentis
1280 2029 1393 2058 subire
1410 2028 1513 2057 semel

186 2074 293 2104 satius
305 2085 381 2105 esse
392 2085 491 2113 quam
509 2085 658 2105 cauere
675 2085 810 2114 semper
889 2076 909 2104 8
926 2085 1002 2113 exp.
1018 2073 1086 2102 ΑΡ
1156 2083 1176 2111 9
1195 2073 1337 2111 plurima
1349 2071 1378 2101 ei
1394 2071 1513 2101 Orelli:

187 2117 319 2156 plurimi
331 2117 371 2156 B,
385 2118 455 2147 etA
476 2129 520 2148 m.
537 2129 592 2149 sec.
608 2122 643 2147 ut
656 2119 859 2148 nn'lu'nisum
873 2121 916 2147 est
931 2129 937 2148 ι
963 2117 1104 2156 plurima
1121 2116 1154 2145 P
1194 2115 1228 2145 A
1248 2115 1328 2153 quid
1338 2115 1481 2144 habuerit
1494 2125 1514 2143 a

188 2171 232 2191 m.
245 2161 360 2199 prima
379 2161 435 2190 uix
450 2161 621 2201 dignoscas
695 2172 735 2191 10
760 2161 848 2191 imm.
866 2160 937 2190 ΑΡ
1011 2170 1046 2190 11
1074 2159 1349 2198 diligentissimae
1361 2157 1394 2186 A
1476 2168 1513 2196 13

187 2210 298 2233 orarat
311 2204 418 2233 Halm
501 2211 539 2234 co
553 2205 585 2234 iu
600 2205 764 2235 rationem
780 2204 813 2234 A
909 2214 946 2242 14
964 2203 1156 2234 nunciantis
1168 2202 1202 2232 A
1294 2202 1334 2231 ab
1349 2211 1389 2230 eo
1404 2210 1513 2239 neque

187 2247 341 2286 protinus
358 2247 409 2277 P:
449 2248 539 2278 dilati
554 2249 595 2278 ab
610 2259 649 2278 eo
667 2259 698 2278 n.
717 2259 747 2287 p.
766 2248 784 2278 l.
804 2247 962 2277 Heinsius
971 2248 1060 2287 prob.
1079 2246 1184 2276 Bentl.
1266 2255 1301 2283 15
1327 2244 1513 2274 cuiuscum-

185 2301 251 2328 que
267 2290 414 2320 Gelenius
429 2302 435 2320 :
458 2291 552 2321 cuius
564 2302 638 2321 cum
653 2292 767 2330 (quom
779 2291 822 2328 P)
837 2290 941 2320 ABP
1029 2291 1068 2320 16
1091 2294 1165 2319 ante
1181 2289 1355 2318 constituit
1373 2287 1512 2317 deletum

186 2334 272 2363 eslin
285 2334 317 2363 A
333 2334 439 2363 uoluit
531 2345 567 2373 17
586 2335 617 2364 id
635 2336 679 2365 ita
695 2335 826 2374 scripsi:
844 2335 875 2364 id
891 2335 923 2364 id
935 2334 968 2363 A
986 2345 992 2363 :
1018 2334 1048 2363 id
1061 2333 1108 2364 P:
1128 2333 1205 2362 illud
1226 2333 1306 2361 Lion
1377 2329 1421 2361 M.
1440 2335 1514 2360 ante

187 2377 312 2407 Brutus
330 2377 403 2408 add.
428 2377 584 2408 Heinsius
600 2379 690 2418 prob.
715 2378 819 2408 Bentl.
882 2378 1021 2408 Cassius
1038 2377 1197 2416 Statzgm¹t
1224 2376 1261 2406 C.
1287 2374 1423 2405 Cassius
1446 2374 1517 2403 ΑΡ

189 2431 226 2460 18
241 2426 307 2461 ῖς
330 2431 363 2460 Α
384 2442 391 2461 :
415 2431 513 2461 COS.
538 2430 572 2460 P
671 2443 712 2462 20
736 2437 803 2462 tum
822 2431 952 2462 Haase:
979 2442 1052 2461 cum
1071 2430 1118 2462 P:
1144 2429 1237 2460 CVM
1255 2428 1288 2459 A
1380 2425 1438 2459 {css
1454 2428 1512 2459 A:

187 2474 285 2505 COS.
302 2474 336 2504 P
498 2485 536 2505 21
564 2475 716 2506 interem.
736 2476 769 2506 A
791 2486 835 2506 m.
851 2481 904 2515 pr.
927 2479 963 2505 ut
982 2475 1065 2504 nn‘lu'
1086 2475 1197 2504 uisum
1221 2476 1285 2504 est:
1320 2473 1463 2503 interim.
1484 2471 1517 2507 I?

186 2527 226 2558 23
250 2517 385 2558 apellari
400 2516 435 2547 A

826 2579 863 2612 75
