1799 2864
663 214 1093 253 PROLEGOMENA

219 330 319 377 1834
348 329 542 377 prolatum
572 326 719 376 primus
749 340 839 365 cum
869 328 929 365 ed.
954 329 1013 365 Pr.
1046 327 1211 365 contulit
1241 334 1278 365 et
1308 327 1538 376 insequente

212 412 317 436 anno
340 397 494 447 Lipsiae
515 397 648 436 edidit.

268 469 417 506 Natus¹
445 476 503 506 est
524 468 809 506 Amerbachius
839 481 871 506 a.
900 479 997 517 1495
1022 467 1209 515 Basileae,
1232 467 1417 506 minimus
1446 467 1539 506 filio-

211 553 297 577 rum
351 539 511 577 Ioannis
562 538 814 576 Amerbachii
863 538 945 576 eius
995 538 1062 588 qui
1114 539 1347 588 Hieronymi
1396 539 1538 588 scripta

211 609 344 648 edidit.
406 612 506 647 Puer
534 611 640 658 apud
670 610 899 648 Conradum
932 609 1199 656 Leontorium‚
1223 609 1534 656 Cisterciensem,

209 680 441 718 adulescens
470 679 741 730 (1507-1509)
772 679 845 717 sub
875 679 1038 717 Hieron.
1073 679 1265 717 Gebwiler
1299 679 1537 718 Selestadiae

209 751 410 796 educatus,
452 764 543 788 mox
576 750 615 787 in
656 750 849 788 Basileam
888 751 1020 796 redux,
1061 750 1278 788 studiorum
1317 749 1371 787 ibi
1416 751 1536 787 duces

209 820 346 857 habuit
367 820 539 858 eruditos
561 820 664 858 uiros
686 834 785 869 quos
806 820 845 857 in
866 821 1031 858 domum
1052 833 1162 857 suam
1184 827 1292 869 pater
1311 821 1536 869 adsumpse-

208 897 275 937 rat,
299 890 413 928 simul
435 890 519 937 sibi,
543 890 659 928 simul
680 890 766 928 filiis
787 898 1070 939 praeceptores,
1093 891 1340 927 Matthaemn
1360 891 1536 928 Hadria-

209 974 311 1008 num,
346 961 534 998 Hebraici
569 961 759 999 sermonis
794 960 972 1009 peritum,
1011 960 1319 998 Dominicanum
1352 962 1534 998 Ioannem

213 1032 322 1069 Cuno
333 1030 356 1077 ²,
378 1031 502 1068 Marci
525 1031 674 1069 Musuri
698 1039 735 1069 et
757 1031 950 1080 Scipionis
973 1031 1264 1070 Crateromachi
1286 1031 1533 1080 discipulum,

207 1100 362 1150 linguae
386 1101 547 1139 Latinae
568 1110 605 1139 et
627 1103 800 1139 Graecae
820 1101 962 1150 pariter
982 1100 1171 1139 scientem
1188 1115 1198 1148 3
1227 1115 1317 1138 curn
1344 1101 1404 1139 his
1427 1102 1532 1153 (nam

208 1171 384 1209 Basileae
404 1173 636 1220 plerumque
663 1171 757 1209 uixit
786 1172 1014 1217 Rhenanus,
1038 1171 1215 1210 Cononis
1237 1173 1409 1210 Graecus
1429 1172 1535 1210 audi-

206 1248 276 1288 tor,
313 1241 429 1279 simul
468 1250 509 1280 ut
548 1243 814 1291 typographeo
859 1241 1107 1279 Frobeniano
1145 1241 1305 1290 propius
1348 1246 1534 1291 uteretur)

205 1313 372 1350 Beatum
387 1314 618 1350 Rhenanam
641 1311 925 1363 (1485—1547)‚
945 1325 1074 1360 quem,
1101 1319 1237 1360 utpote
1258 1313 1397 1350 decem
1423 1313 1535 1351 annis

205 1396 246 1420 se
268 1382 466 1429 maiorem,
490 1390 527 1421 et
555 1384 736 1420 doctorem
757 1396 871 1420 suum
901 1383 1071 1430 appellat
1095 1389 1133 1419 et
1162 1395 1209 1420 eo
1235 1382 1535 1421 familiarissimo

205 1460 323 1502 atque
344 1453 483 1491 intimo
503 1453 632 1491 amico
653 1466 807 1502 semper
827 1466 919 1490 usus
941 1460 1007 1489 est.
1069 1453 1230 1490 Mortuo
1248 1454 1415 1491 Conone
1436 1465 1533 1503 1513

205 1523 492 1562 Amerbachius
523 1523 750 1572 Friborgam
780 1536 821 1560 se
846 1522 1021 1569 contulit,
1045 1522 1177 1571 ibique
1207 1522 1246 1560 in
1268 1524 1389 1561 domo
1420 1525 1540 1561 Vlricz'

205 1595 314 1632 Zasii
349 1608 415 1632 sex
452 1608 577 1631 annos
616 1593 688 1631 iuri
732 1593 837 1631 ciuili
880 1592 1067 1630 incubuit.
1129 1595 1336 1630 Erasmum
1375 1607 1534 1643 quoque

205 1672 316 1702 norat
341 1672 378 1702 et
400 1666 649 1710 Glareanum‚
672 1677 838 1713 quorum
869 1663 932 1701 hic
962 1676 1060 1712 opus
1091 1677 1204 1700 suurn
1225 1665 1378 1701 Laudes
1396 1666 1534 1702 Helue-

205 1737 280 1773 tiae
300 1735 334 1774 ei
356 1735 512 1782 dicauit,
536 1735 599 1773 ille
620 1736 724 1772 lauti
741 1734 823 1772 eius
847 1747 1015 1771 smttmae
1033 1735 1113 1783 spei
1130 1735 1290 1771 indolem
1306 1735 1408 1783 fecit,
1433 1741 1477 1772 ul
1501 1742 1537 1773 et

203 1808 359 1844 subinde
378 1807 557 1844 laudibus
573 1806 701 1854 ferret
718 1811 753 1843 et
780 1806 883 1842 inser
907 1805 1074 1841 eruditos
1092 1805 1248 1853 primas
1275 1818 1358 1841 eum
1387 1814 1533 1855 occupa—

205 1884 336 1915 turum
356 1878 532 1914 coniceret
542 1878 564 1914 ⁸.
617 1878 814 1914 Reuersus
837 1875 1029 1913 Basileam
1057 1882 1140 1912 tum
1167 1875 1257 1913 iuris
1279 1877 1530 1924 professione,

205 1958 289 1988 tum
312 1952 462 1988 Graeca
491 1958 529 1987 et
552 1949 691 1987 Latina
720 1948 939 1987 eruditione
961 1947 1067 1986 docti
1097 1961 1243 1985 nomen
1269 1949 1408 1986 meruit
1435 1949 1533 1988 inter

204 2022 399 2070 aequales,
422 2033 551 2069 neque
571 2027 662 2057 ante
682 2033 830 2057 annum
856 2021 952 2068 1562
977 2026 1152 2056 mortuus
1173 2026 1240 2056 est.

262 2093 320 2128 Ex
358 2089 645 2139 subscriptione
684 2103 803 2139 quam
842 2088 882 2126 in
915 2089 992 2126 fine
1025 2088 1239 2137 apographi
1271 2088 1329 2126 sui
1367 2089 1529 2137 addidit,

206 2161 351 2199 scimus
368 2160 676 2198 Amerbachium
697 2160 737 2198 id
758 2159 973 2197 confecisse
995 2160 1102 2196 tertio
1118 2160 1176 2196 Id.
1193 2160 1356 2207 August.
1380 2169 1530 2195 MDXVI.

250 2236 258 2253 ¹
284 2237 438 2272 Fechter,
456 2236 518 2266 Die
532 2235 665 2266 Amerb.
685 2234 853 2273 Absclm'ft
868 2234 921 2264 des
941 2233 977 2265 V.
995 2233 1035 2265 P.
1053 2244 1083 2272 p.
1102 2244 1131 2272 5.

247 2287 258 2304 ²
282 2288 378 2318 Cuno
404 2288 476 2317 siue
501 2288 597 2317 Cono
615 2287 669 2317 uel
694 2287 811 2317 Conon
832 2286 1124 2324 Norimbergensis
1149 2286 1234 2315 duos
1258 2285 1401 2324 amplius
1425 2295 1532 2315 annos

206 2350 280 2370 cum
306 2339 541 2369 Amerbachiis
573 2339 650 2377 egit,
680 2344 898 2377 mortuusque
931 2342 982 2368 est
1014 2337 1168 2368 Basileae
1201 2347 1316 2368 mense
1348 2337 1532 2367 Februario

205 2403 232 2422 a.
255 2401 335 2430 1513
354 2392 525 2431 <Fechter,
546 2402 575 2430 p.
594 2393 640 2430 6).

249 2444 260 2461 ³
286 2444 474 2474 Rhenanus
492 2444 523 2474 in
544 2444 695 2484 Epistula
712 2454 764 2483 ap.
786 2443 995 2482 Fechterum,
1016 2453 1048 2482 p.
1068 2453 1095 2482 7.

840 2513 887 2533 xli
