1799 2864
145 936 181 957 10

135 1577 174 1596 20

744 235 912 271 LIBER
944 235 985 271 II

203 343 304 381 circa
337 344 520 392 paludem
557 342 740 389 Maricae,
776 342 815 380 in
850 356 968 392 quani
1003 356 1044 380 se
1078 343 1228 392 fugiens
1262 343 1524 382 consectantis

204 409 332 445 Sullae
370 407 519 456 equites
557 407 772 453 abdiderat,
808 406 952 445 iniecto
991 407 1030 445 in
1070 409 1214 445 collum
1249 409 1331 446 loro
1370 408 1408 445 in
1448 422 1524 446 car-

202 485 329 509 cerem
366 471 698 508 Minturnensium
732 471 838 508 iussu
873 471 1069 508 duumuiri
1103 472 1314 520 perductus
1348 480 1414 509 est.
1473 473 1524 510 ad
1545 482 1562 511 3

202 548 319 584 quem
353 534 666 573 interficiendum
701 535 841 573 missus
880 548 969 572 cum
1003 535 1133 584 gladio
1172 549 1305 573 seruus
1344 536 1524 584 publicus

201 598 359 636 natione
407 600 637 645 Germanus,
687 599 753 649 qui
801 600 898 637 forte
949 599 999 637 ab
1046 599 1278 648 imperatore
1325 613 1372 637 eo
1421 600 1524 638 bello

202 662 402 701 Cimbrico
435 671 571 712 captus
603 671 694 710 erat,
726 671 767 701 ut
800 663 960 713 agnouit
991 663 1172 710 Marium,
1205 677 1347 712 magno
1379 663 1522 702 eiulatu

200 739 431 775 expromens
466 727 775 777 indignationem
811 741 922 765 casus
957 727 1052 765 tanti
1092 727 1163 765 uiri
1201 727 1356 765 abiecto
1393 728 1523 777 gladio

201 791 368 840 profugit
402 805 423 830 e
457 805 619 830 carcere.
693 800 775 829 turn
810 792 928 838 ciues,
961 793 1010 830 ab
1045 793 1158 830 hoste
1196 791 1367 829 misereri
1405 794 1523 841 paulo
1543 803 1561 831 4

199 863 290 893 ante
328 855 512 905 principis
551 856 621 894 uiri
661 856 778 903 docti,
814 856 1045 894 instructum
1085 870 1174 894 eum
1214 855 1357 894 uiatico
1396 858 1524 894 conla-

200 927 317 968 taque
359 928 468 958 ueste
512 920 551 958 in
594 934 736 958 nauem
779 920 1058 970 imposuerunt.
1128 928 1166 958 at
1208 919 1272 957 ille
1313 921 1523 959 adsecutus

199 983 300 1022 circa
320 985 529 1023 Aenariam
550 985 672 1023 filiurn
694 999 849 1023 cursum
871 985 909 1023 in
931 985 1102 1023 Africam
1123 984 1260 1023 direxit
1284 984 1523 1035 inopemque

198 1048 319 1087 uitam
340 1049 379 1087 in
401 1050 553 1099 tugurio
581 1050 778 1088 ruinarum
807 1050 1186 1100 Carthaginiensium
1215 1049 1405 1096 tolerauit‚
1431 1063 1520 1087 cum

200 1113 346 1152 Marius
381 1114 573 1164 aspiciens
609 1114 896 1164 Carthaginem,
928 1114 993 1152 illa
1026 1114 1181 1152 intuens
1214 1113 1396 1160 Marium,
1427 1116 1522 1152 alter

196 1178 305 1215 alteri
326 1187 486 1227 possent
507 1192 591 1217 esse
613 1178 769 1217 solacio.

253 1244 345 1281 Hoc
387 1243 555 1292 primum
594 1257 699 1282 anno
738 1243 925 1293 sanguine
967 1243 1138 1281 consulis
1178 1242 1349 1280 Romani
1388 1242 1520 1281 militis
1538 1257 1592 1284 20

197 1307 371 1345 imbutae
399 1321 536 1346 manus
564 1316 678 1355 sunt3
708 1307 853 1357 quippe
883 1308 927 1356 Q.
952 1307 1175 1356 Pompeius,
1201 1308 1351 1356 collega
1377 1308 1517 1354 Sullae,

195 1373 244 1410 ad
275 1372 485 1410 exercitum
514 1374 585 1411 Cn.
611 1372 775 1422 Pompei
804 1372 1048 1421 proconsulis
1078 1371 1282 1417 seditione,
1305 1372 1374 1409 sed
1401 1385 1519 1421 quam

194 1437 272 1474 dux
293 1445 500 1483 creauerat‚
523 1437 747 1475 interfectus
768 1445 835 1474 est.
895 1449 974 1474 non
999 1443 1078 1474 erat
1107 1435 1234 1473 Mario
1264 1435 1518 1485 Sulpicioque
1540 1448 1554 1468 2

194 1500 323 1539 Cinna
360 1501 617 1550 temperatior.
690 1500 821 1550 itaque
859 1514 948 1538 cum
988 1500 1040 1537 ita
1077 1499 1213 1537 ciuitas
1253 1499 1388 1537 Italiae
1427 1501 1518 1538 data

192 1573 304 1611 esset,
345 1573 386 1603 ut
428 1565 467 1602 in
506 1574 596 1603 octo
638 1565 760 1603 tribus
799 1565 1136 1602 contribuerentur
1174 1564 1268 1602 noui
1309 1564 1426 1611 ciues,
1467 1578 1516 1602 ne

191 1629 367 1678 potentia
404 1643 539 1668 eorum
574 1638 611 1668 et
646 1629 856 1667 multitudo
890 1637 1066 1667 ueterum
1100 1628 1246 1666 ciuium
1285 1628 1515 1678 dignitatem

190 1695 380 1743 frangeret
400 1696 567 1744 plusque
594 1702 755 1744 possent
781 1693 927 1743 recepti
954 1694 992 1731 in
1021 1693 1257 1731 beneficium
1284 1707 1402 1742 quam
1429 1706 1517 1731 auc-

190 1768 291 1797 tores
322 1759 513 1806 beneficii‚
541 1759 670 1798 Cinna
696 1759 735 1797 in
763 1759 948 1797 omnibus
973 1758 1151 1796 tribubus
1178 1771 1245 1796 eos
1270 1771 1311 1796 se
1338 1758 1517 1796 distribu-

189 1831 315 1861 turum
350 1823 545 1873 pollicitus
577 1831 660 1862 est:
702 1837 781 1874 quo
811 1823 972 1862 nomine
1001 1823 1200 1872 ingentem
1231 1822 1349 1861 totius
1380 1822 1516 1861 Italiae
1537 1836 1553 1866 3

235 1946 247 1965 1
274 1937 505 1967 consentantis
519 1937 552 1966 A
645 1948 663 1967 2
688 1948 785 1968 carce
797 1937 1228 1977 A,fineuocabuliabscisso
1317 1947 1336 1975 3
1361 1932 1396 1968 ff.
1411 1937 1519 1968 uiriP

189 1990 212 2009 11
228 1980 288 2009 uiri
301 1981 332 2010 A
351 1992 357 2011 :
382 1981 591 2011 duumuirum
605 1981 737 2021 Lipsius
826 1991 845 2020 5
863 1981 919 2021 ab]
932 1981 993 2010 sub
1006 1980 1184 2010 Burmann
1249 1980 1292 2010 im
1306 1985 1464 2019 peratore
1478 1981 1511 2010 A

186 2025 207 2053 6
232 2034 352 2062 magno
370 2024 434 2053 ΒΑ
450 2036 456 2055 :
482 2035 557 2054 cum
574 2035 695 2063 magno
712 2024 745 2053 P
874 2035 891 2063 7
916 2034 1121 2063 expromens
1138 2023 1309 2053 Am'dalius
1329 2027 1358 2052 el
1373 2024 1516 2064 Madttz'g

187 2066 325 2097 Aduers.
345 2067 376 2098 ii.
397 2077 481 2105 301:
513 2068 725 2107 expromenti
752 2067 837 2098 BP:
873 2067 1076 2107 exprimenti
1094 2067 1152 2096 A:
1185 2077 1226 2096 m.
1252 2067 1375 2097 eiulatu
1401 2068 1511 2107 expri-

188 2115 299 2140 mente
317 2110 444 2148 indign.
461 2111 557 2141 Kritz
674 2122 713 2142 10
737 2112 813 2150 imp.
832 2111 903 2140 ΑΡ
1010 2120 1044 2140 11
1070 2110 1268 2140 Taenariam
1286 2110 1336 2141 P:
1361 2111 1511 2141 taenaria'

185 2158 344 2193 suprascr.
372 2154 516 2184 Tenaria
537 2154 568 2183 A
587 2166 593 2185 :
621 2154 772 2185 Aenaria
792 2154 939 2185 Gelenius
1074 2164 1111 2183 12
1136 2154 1453 2192 Carthaginensium
1475 2155 1508 2184 A

187 2206 224 2234 14
249 2197 369 2227 solatio
386 2197 456 2226 ΑΡ
545 2199 582 2227 16
605 2203 683 2228 sunt
701 2198 765 2228 ΒΑ
784 2209 791 2228 :
815 2209 879 2229 om.
892 2197 925 2227 P
988 2197 1029 2237 Q.
1048 2197 1121 2227 add.
1136 2197 1293 2226 Heinsius
1367 2197 1461 2236 Sylla
1475 2198 1508 2227 A

188 2282 224 2311 17
250 2239 291 2303 {id
318 2274 467 2304 exercitt-1
485 2274 542 2305 A:
581 2276 621 2305 ad
647 2275 834 2305 exercitum
859 2274 893 2304 P
958 2275 1066 2304 Burer
1086 2274 1245 2304 dubitauit
1269 2278 1380 2303 ulrum
1400 2275 1511 2314 polius

184 2316 355 2356 legendum
378 2321 455 2346 esset
478 2319 519 2347 ad
546 2319 647 2348 anab
751 2318 920 2348 seditione
944 2317 1027 2347 BP:
1059 2317 1216 2347 seditioni
1240 2323 1397 2356 suprascr.
1422 2318 1509 2347 sedi-

185 2360 284 2389 tionis
298 2360 330 2388 A
427 2361 464 2390 18
487 2365 559 2390 ante
575 2372 642 2391 non
659 2362 772 2392 Haase
787 2362 922 2404 signum
939 2362 1072 2391 lacunae
1083 2361 1193 2401 posuit
1253 2360 1462 2399 Sulpitioque
1475 2361 1508 2390 A

182 2406 210 2431 et
228 2414 342 2442 margo
358 2403 405 2434 P:
432 2404 576 2443 Sulpitio
599 2404 632 2434 P
784 2414 822 2443 19
846 2404 1063 2443 temperatior
1076 2409 1232 2444 suprascr.
1254 2409 1460 2443 temperator
1473 2404 1505 2433 A

183 2456 220 2476 21
248 2447 410 2486 potentiae
435 2447 467 2476 Α
495 2448 559 2478 nisi
569 2448 677 2488 fallor
804 2459 844 2478 22
868 2448 1000 2487 possint
1016 2447 1048 2476 Α

822 2569 861 2601 37
