1799 2864
106 945 142 966 10

99 1265 136 1297 15

97 1591 136 1612 20

93 1917 131 1948 25

708 242 876 279 LIBER
907 243 949 279 ΙΪ

169 349 381 388 retinendis
414 349 529 387 armis
559 349 783 396 iuuentutis,
816 350 998 388 Carbone
1029 363 1074 387 ac
1107 349 1235 388 Mario
1265 351 1492 389 consulibus

168 415 312 453 abhinc
328 428 452 453 annos
469 419 490 454 †
504 426 546 451 xl
572 416 658 451 Kal.
679 414 974 452 Nouembribus
995 414 1047 452 ita
1062 416 1111 452 ad
1128 422 1278 464 portam
1295 416 1489 454 Collinam

168 493 257 517 cum
286 481 391 517 Sulla
417 478 629 524 dimicauit,
655 486 696 516 ut
727 480 777 516 ad
809 492 1007 516 summum
1035 479 1244 517 discrimen
1272 487 1309 517 et
1336 493 1425 517 eum
1454 488 1491 518 et

167 558 247 582 rem
268 543 465 593 publicam
490 544 730 592 perduceret,
753 556 854 592 quae
880 556 960 581 non
993 543 1117 581 maius
1148 543 1364 592 periculum
1395 544 1490 582 adiit
1515 565 1528 583 2

169 607 404 646 Hannibalis
432 607 530 645 intra
556 607 711 645 tertium
739 607 945 645 miliarium
967 607 1193 656 conspicata
1213 616 1347 654 castra,
1371 621 1488 657 quam

166 686 213 710 eo
242 672 316 718 die,
351 685 430 721 quo
464 672 750 710 circumuolans
781 672 937 710 ordines
971 672 1160 709 exercitus
1192 672 1251 709 sui
1282 672 1488 710 Telesinus

164 736 425 786 dictitansque
455 738 593 775 adesse
623 736 815 775 Romanis
849 736 1029 774 ultimum
1064 736 1169 774 diem
1204 736 1490 774 uociferabatur

164 803 376 840 eruendam
415 802 705 856 delendamque
739 801 887 847 urbem,
923 800 1097 838 adiciens
1131 814 1348 850 numquam
1383 802 1490 838 defu-

164 874 270 904 turos
300 873 471 915 raptores
502 865 661 904 ltalicae
691 865 876 903 libertatis
904 866 1028 914 lupos,
1060 865 1133 903 nisi
1163 865 1270 911 silua,
1299 865 1338 902 in
1369 879 1486 914 quam

163 932 335 980 refugere
356 932 534 977 solerent,
557 938 658 968 esset
679 931 815 968 excisa.
874 938 962 979 post
983 930 1147 979 primam
1169 931 1329 968 demum
1352 931 1486 968 horam
1508 952 1524 979 .-'.

163 995 288 1033 noctis
309 1003 346 1033 et
368 997 550 1033 Romana
578 995 681 1033 acies
708 994 909 1044 respirauit
936 1002 973 1032 et
999 994 1172 1032 hostium
1193 994 1318 1032 cessit.
1378 996 1488 1033 Tele-

161 1059 267 1097 sinus
299 1068 453 1109 postera
486 1059 550 1097 die
581 1059 820 1097 semianimis
852 1066 1024 1108 repertus
1063 1067 1132 1105 est,
1168 1059 1326 1097 uictoris
1366 1059 1486 1109 magis

160 1137 278 1173 quam
309 1123 509 1162 morientis
540 1125 693 1161 uultum
732 1125 963 1173 praeferens,
992 1123 1110 1161 ¹¹cuius
1140 1123 1338 1161 abscisum
1370 1132 1486 1173 caput

159 1190 257 1227 ferro
274 1189 337 1238 figi
353 1188 571 1238 gestarique
591 1188 692 1226 circa
709 1191 917 1226 Praeneste
933 1190 1039 1226 Sulla
1055 1188 1173 1226 iussit.
1225 1196 1307 1226 tum
1324 1190 1485 1226 demum
1506 1207 1521 1235 4

158 1254 371 1303 desperatis
403 1254 518 1292 rebus
550 1253 628 1292 suis
660 1256 704 1293 C.
733 1253 881 1291 Marius
908 1255 1139 1291 adulescens
1171 1266 1239 1302 per
1269 1254 1483 1300 cuniculos,

158 1318 225 1367 qui
246 1318 343 1355 miro
365 1331 481 1367 opere
508 1318 682 1356 fabricati
709 1318 748 1355 in
776 1318 949 1356 diuersas
975 1331 1154 1367 agrorum
1176 1318 1293 1366 partis
1318 1320 1483 1365 fuerunt,

158 1391 321 1420 conatus
353 1396 566 1432 erumpere,
589 1396 678 1420 cum
707 1382 897 1420 foramine
929 1396 949 1420 e
981 1390 1080 1420 terra
1106 1382 1337 1429 emersisset,
1363 1397 1386 1420 a
1412 1383 1486 1421 dis-

156 1447 291 1496 positis
322 1447 360 1485 in
391 1447 430 1485 id
460 1447 588 1497 ipsum
617 1448 874 1496 interemptus
904 1454 971 1485 est.
1031 1455 1121 1485 sunt
1150 1447 1217 1496 qui
1249 1461 1318 1485 sua
1352 1462 1482 1494 manu,
1505 1468 1521 1497 5

156 1520 246 1549 sunt
280 1512 346 1561 qui
380 1520 676 1550 concurrentem
709 1512 855 1550 mutuis
887 1511 1027 1549 ictibus
1062 1525 1151 1549 cum
1187 1512 1337 1550 minore
1371 1514 1484 1550 fratre

157 1577 328 1614 Telesini
345 1591 423 1614 una
443 1577 605 1615 obsesso
626 1584 664 1615 et
693 1584 923 1626 erumpente
951 1576 1183 1614 occubuisse
1213 1577 1479 1625 prodiderunt.

155 1649 369 1690 utcumque
416 1641 568 1687 cecidit,
617 1641 816 1691 hodieque
863 1649 970 1679 tanta
1017 1640 1134 1690 patris
1186 1640 1355 1690 imagine
1402 1655 1482 1679 non

154 1705 383 1743 obscuratur
414 1705 545 1743 †ciuis
578 1705 775 1744 memoria.
836 1707 885 1744 de
924 1719 1003 1756 quo
1042 1704 1186 1743 iuuene
1225 1705 1321 1755 quid
1359 1706 1483 1744 existi-

153 1770 315 1808 mauerit
350 1772 466 1816 Sulla,
502 1770 541 1808 in
576 1778 760 1820 promptu
794 1779 876 1818 est,
918 1771 1050 1809 occiso
1089 1770 1195 1809 enim
1234 1772 1395 1809 demum
1435 1785 1482 1809 eo

153 1835 292 1873 Felicis
336 1849 480 1873 nomen
519 1835 748 1885 adsumpsit,
782 1837 891 1886 quod
934 1836 1094 1886 quidem
1138 1844 1363 1885 usurpasset
1410 1836 1483 1875 ius-

152 1899 310 1946 tissime,
334 1900 364 1937 si
394 1901 563 1938 eundem
594 1908 632 1939 et
653 1901 838 1939 uincendi
865 1909 902 1939 et
929 1901 1091 1940 uiuendi
1118 1903 1239 1941 finem
1269 1901 1479 1940 habuisset.

198 2024 211 2044 1
238 2014 325 2044 COS
350 2013 408 2045 A:
440 2014 566 2046 COSS.
592 2014 626 2044 P
710 2026 729 2046 2
754 2025 788 2045 XI
813 2015 903 2046 BA:
936 2011 990 2047 ff.
1014 2015 1066 2046 P:
1089 2016 1292 2047 cxrAldusi
1315 2026 1373 2047 CJx
1385 2016 1481 2046 Kritz

150 2063 229 2088 ante
246 2058 334 2087 diem
351 2067 384 2086 Vl
405 2057 479 2089 Kal.
500 2058 586 2089 Nou.
608 2058 795 2089 Mommsen
920 2070 939 2098 3
965 2070 1039 2089 cum
1056 2059 1089 2088 A
1217 2070 1236 2098 5
1261 2060 1428 2091 hanibalis
1444 2060 1476 2088 A

150 2105 259 2130 castra
283 2102 475 2140 conspicata
499 2101 552 2131 P:
591 2103 785 2141 conspicata
810 2108 918 2133 castra
943 2103 990 2141 A,
1015 2104 1059 2132 ita
1084 2106 1193 2133 tamen
1219 2107 1255 2133 ut
1276 2110 1375 2144 super
1399 2113 1477 2134 con-

150 2145 277 2184 spicata
308 2144 437 2174 adderet
466 2146 498 2183 B,
531 2150 629 2184 super
651 2150 758 2176 castra
790 2157 821 2183 a,
849 2147 958 2176 ordine
993 2146 1165 2176 uerborum
1203 2147 1248 2176 sic
1283 2147 1478 2187 transpost‘to

148 2189 169 2217 6
193 2198 234 2217 eo
252 2188 303 2218 B:
338 2189 456 2218 eodem
473 2187 544 2217 ΑΡ
681 2190 701 2219 8
724 2190 841 2225 adiic<t
857 2190 984 2229 A)iens
1001 2189 1072 2219 ΑΡ
1197 2200 1235 2220 10
1259 2191 1369 2222 solent
1386 2191 1476 2221 AP:

152 2234 159 2248 ὅ
170 2231 253 2260 alias
269 2231 417 2261 solerent
429 2230 435 2242 '
454 2232 562 2261 Burer
670 2242 707 2271 13
723 2233 866 2263 orientis
882 2233 914 2262 A
993 2233 1119 2264 cultum
1132 2233 1204 2262 ΑΡ
1275 2235 1402 2264 uoltum
1419 2235 1474 2266 Ge-

147 2275 251 2304 lenius
339 2275 504 2304 abscisum
518 2275 550 2304 A
569 2287 576 2306 :
604 2276 787 2306 abscissum
806 2276 838 2305 P
970 2287 1005 2315 14
1031 2276 1119 2306 ferro
1138 2277 1194 2314 figi
1209 2277 1371 2317 Madm'g:
1395 2278 1473 2308 ferri

147 2317 226 2355 ΑΡ,
244 2317 332 2357 quod
346 2318 576 2348 redundantiae
591 2319 910 2360 adscnpsitGemges
926 2320 962 2350 de
977 2321 1085 2350 elocut.
1115 2319 1149 2351 V.
1163 2319 1201 2350 P.
1225 2326 1258 2360 p.
1279 2332 1297 2359 4
1406 2332 1472 2361 gae-

147 2362 294 2399 starique
318 2361 352 2390 A
504 2363 541 2390 16
564 2362 675 2393 serunt
702 2363 850 2393 Gelemns
996 2373 1031 2402 17
1057 2363 1220 2393 foramina
1244 2369 1278 2394 et
1304 2370 1393 2395 terra
1414 2365 1473 2396 A:

136 2405 218 2443 forl.
239 2405 403 2435 foramine
428 2410 559 2436 terrae:
582 2406 603 2436 f.
620 2416 662 2436 ex
687 2411 777 2436 terra
801 2406 909 2436 Halm
1056 2417 1094 2445 19
1118 2407 1220 2437 fratre
1233 2407 1304 2436 ΑΡ
1432 2419 1473 2439 20

146 2447 293 2478 Telesini
311 2448 442 2479 Duker:
466 2449 624 2479 Telesino
641 2449 729 2480 AF:
754 2460 826 2479 cum
845 2450 974 2480 minore
991 2450 1150 2480 Telesino
1175 2450 1309 2490 Lipsius
1397 2462 1471 2491 pro-

146 2492 292 2521 diderint
308 2490 341 2520 P
460 2502 500 2521 22
525 2492 608 2522 ciuis
632 2493 696 2522 ΒΑ
718 2504 724 2523 :
749 2493 821 2523 eius
838 2492 871 2522 P
988 2503 1029 2531 24
1052 2494 1141 2532 quod
1159 2493 1210 2523 P:
1233 2504 1300 2532 quo
1318 2494 1383 2524 BA

785 2577 824 2608 45
