1799 2864
552 188 1009 256 COMMENTARIVS
1039 218 1301 257 CR1T1cvs

313 338 370 361 121
392 336 405 361 1
435 326 495 371 qui
536 327 723 362 concussis
766 327 965 372 (suprascr.
1006 327 1207 371 concussis)
1253 327 1413 362 hostium
1454 326 1590 362 uiribus

267 383 428 418 classicis
446 384 684 430 peditumque
702 385 990 430 expeditionibus
1009 398 1092 420 curn
1110 398 1167 420 res
1187 385 1388 421 Galliarum
1409 385 1590 420 maximae

268 442 373 476 molis
408 454 638 487 accensaque
671 444 779 488 plebe
811 443 1074 478 Viennensium
1115 443 1363 478 dissensiones
1407 442 1592 477 coertione

268 500 385 543 magis
405 512 515 544 quam
541 512 659 545 poena
683 500 860 536 mollisset
888 509 1035 536 senatus
1062 503 1290 547 populusque
1317 503 1361 536 R.
1380 501 1591 546 postulante

268 564 369 602 patre
395 557 471 592 eius
496 565 533 592 ut
557 570 692 603 equum
720 559 797 593 eius
827 559 861 593 in
888 559 1057 594 omnibus
1088 559 1277 604 prouintiis
1303 559 1592 604 exercitibusque

267 622 365 649 esset
392 627 503 660 quarn
530 623 607 650 erat
634 616 710 660 ipse
739 617 884 651 decreto
910 618 1081 661 coplexus
1107 625 1203 652 esset
1231 616 1366 652 etenim
1392 617 1592 651 absurdum

267 680 346 706 erat
364 684 437 706 non
456 685 536 708 esse
554 675 621 708 sub
641 673 699 708 illo
718 686 813 719 quae
839 675 885 708 ab
914 674 972 708 illo
990 674 1269 709 uindicabantur
1285 682 1321 709 et
1340 675 1400 719 qui
1418 676 1465 709 ad
1484 686 1592 719 opem

267 730 457 764 serendam
486 731 623 775 primus
655 739 732 766 erat
767 732 815 765 ad
848 731 1109 766 uindicandum
1141 733 1316 766 honorem
1343 744 1417 766 non
1446 731 1594 766 iudicari

268 799 395 832 parem
415 787 448 822 in
468 789 594 822 urbem
613 800 779 823 reuersus
800 816 807 824 .
826 815 833 822 .
853 817 860 824 .
880 788 951 832 egit
971 788 1207 833 triumphum.
1224 791 1273 824 A.

315 857 544 890 accensaque
561 848 673 879 etiam
691 847 819 880 Burer
834 859 840 880 :
866 857 1115 891 accensasque
1129 847 1173 881 P.
1223 845 1339 891 plebis
1357 847 1391 880 P
1408 850 1442 880 et
1459 847 1593 881 Burer.

269 902 452 937 coertione
471 905 583 936 eliam
601 904 656 937 P:
683 907 724 936 at
739 906 856 947 supra
883 903 1045 937 classicis
1070 915 1151 937 cum
1169 905 1204 938 A
1222 905 1333 937 eliam
1350 905 1406 938 P:
1442 916 1532 938 num
1551 916 1598 938 ex

269 961 452 994 coertione
469 972 564 1005 quae
580 961 721 1005 syllaba
739 961 877 994 excidit
894 960 925 995 ci
940 965 1010 1005 per
1026 963 1165 995 uit.um
1184 961 1327 995 tralata
1345 966 1407 1003 est,
1427 966 1469 995 ut
1485 962 1598 995 scribi

265 1021 392 1062 polius
416 1019 540 1052 debeat
565 1018 717 1053 classis?
777 1018 853 1053 eius
879 1020 970 1054 BP:
1011 1019 1044 1053 ei
1068 1018 1122 1054 ius
1148 1021 1239 1054 coni.
1258 1019 1470 1055 Rhenanus,
1520 1018 1597 1064 ipse

271 1077 360 1110 BP:
390 1075 455 1120 ipsi
472 1076 685 1110 Rhenanus.

318 1133 522 1167 Rhenanus
541 1145 624 1167 cum
643 1133 770 1168 addito
788 1138 823 1167 et
838 1140 924 1168 ante
942 1138 1094 1169 senatus
1112 1135 1208 1169 hanc
1233 1135 1436 1169 clausulam
1453 1146 1496 1169 ex
1514 1146 1596 1168 cum

270 1191 430 1235 pendere
449 1190 606 1233 fecisset,
626 1192 738 1225 uerba
756 1194 887 1225 etenim
903 1218 910 1225 .
926 1220 934 1226 .
949 1220 957 1227 .
966 1195 1098 1236 parem
1117 1204 1184 1237 per
1201 1192 1435 1237 parenthesin
1454 1192 1598 1227 adiecta

270 1255 445 1292 putasset,
459 1248 638 1293 apodosin
652 1249 838 1284 statuisset
854 1249 889 1283 in
904 1249 968 1284 illis
984 1250 1133 1284 demum
1149 1250 1224 1285 fieri
1238 1253 1278 1284 in
1292 1250 1415 1284 urbem
1428 1262 1600 1284 reuersus

297 1334 304 1341 .
324 1334 330 1341 .
352 1309 436 1352 egil,
456 1306 492 1340 id
516 1306 678 1352 plerique
701 1307 809 1352 inque
835 1307 887 1341 eis
915 1307 1071 1342 Kritzius
1101 1308 1342 1353 Halmiusque
1369 1315 1597 1352 receperunt,

270 1376 494 1409 quamquam
513 1376 587 1399 non
605 1365 739 1399 desunt
758 1364 819 1410 qui
841 1372 877 1399 ut
896 1367 1135 1400 vascosanus
1153 1374 1187 1400 et
1208 1367 1370 1400 Laurens
1390 1365 1472 1400 huic
1491 1365 1597 1400 inter-

271 1422 466 1466 pretationi
496 1434 570 1456 non
601 1422 894 1467 subscripserint.
954 1422 1047 1458 Mihi
1077 1424 1284 1468 corruptela
1310 1424 1428 1458 inesse
1455 1422 1599 1458 uidetur

271 1481 348 1515 istis
382 1481 553 1526 caplexus
585 1485 675 1515 esset
707 1483 861 1516 etenim:
910 1481 1051 1526 scripsit
1089 1483 1300 1516 Paterculus
1334 1483 1504 1527 co’plexus
1536 1486 1600 1515 est.

269 1541 427 1582 elenim3
454 1540 524 1573 hoc
543 1551 608 1583 per
628 1538 912 1583 dittographiam
937 1540 1136 1583 quamdam
1163 1540 1325 1582 syllabae
1343 1544 1378 1573 et
1401 1539 1436 1573 id
1461 1540 1597 1573 factum

270 1605 325 1632 est
358 1598 456 1641 quod
484 1604 519 1631 et
549 1598 665 1631 Burer
696 1604 732 1631 et
756 1597 1026 1631 Amerbachius
1056 1604 1092 1631 et
1123 1598 1326 1631 Rhenanus
1352 1604 1536 1632 testantur
1565 1596 1600 1630 in

274 1654 510 1690 Murbacensi
536 1654 659 1689 fuisse.
711 1656 839 1699 Itaque
865 1654 1044 1699 apodosin
1080 1661 1199 1689 statuo
1233 1655 1268 1688 in
1304 1654 1424 1689 uerbis
1449 1658 1601 1688 senatus

264 1714 500 1758 populusque
517 1714 560 1746 R.
581 1739 588 1746 .
609 1741 616 1748 .
636 1740 642 1747 .
661 1713 799 1746 decrelo
817 1713 1025 1756 complexus
1041 1717 1102 1747 est.

319 1771 379 1805 Ad
399 1770 458 1804 illa
477 1778 514 1804 ut
533 1777 694 1804 reuertar
712 1781 930 1814 accensaque
943 1770 1047 1814 plebe
1073 1770 1332 1808 Viennensium
1350 1770 1600 1813 dissensiones,

272 1840 508 1873 quamquam,
544 1827 769 1872 propositum
804 1839 968 1870 seruans,
1003 1827 1271 1862 Amerbachius
1306 1828 1405 1873 quod
1440 1827 1539 1863 dedit
1566 1827 1601 1862 in

272 1893 372 1921 textu
398 1885 507 1927 edidi,
535 1892 639 1920 erunt
665 1885 797 1930 quibus
823 1885 940 1929 magis
967 1886 1109 1930 placeat
1137 1886 1234 1930 quod
1265 1886 1367 1920 dedit
1398 1887 1599 1920 Rhenanus

272 1955 511 1988 accensasque
529 1944 648 1987 plebis
680 1944 718 1977 V.
744 1944 801 1986 d.;
838 1955 923 1977 narn
950 1948 1132 1977 certamen
1157 1955 1345 1978 accensum
1371 1943 1493 1978 Liuius
1513 1943 1532 1979 i.
1549 1952 1604 1987 57,

266 2002 455 2046 proelium
481 2012 668 2035 accensum
687 2000 732 2036 vi.
751 2011 783 2044 3,
795 2001 982 2045 proelium
1008 2001 1200 2035 accendere
1227 2000 1419 2036 Sallustius
1448 2003 1480 2035 H
1488 2000 1541 2036 ist.
1560 2001 1602 2035 fr.

272 2059 305 2095 ii.
336 2069 379 2104 59
408 2060 732 2100 Maurenbrecher,
760 2059 951 2093 dixerunt:
992 2060 1124 2104 quibus
1149 2060 1247 2093 addo
1275 2060 1361 2094 Sall.
1390 2059 1486 2095 Hist.
1513 2060 1555 2094 fr.
1582 2058 1601 2093 i.

274 2127 330 2161 77.
352 2129 393 2160 14
410 2119 461 2152 M.
480 2129 527 2152 ex
541 2130 616 2162 qua
632 2118 1047 2162 (lribum'ciaposeslale)
1069 2130 1190 2152 omnes
1207 2119 1412 2152 discordiae
1423 2129 1602 2160 accensae,

274 2176 334 2221 qui
353 2177 454 2210 locus
472 2176 606 2210 mirum
625 2183 804 2221 quantum
821 2177 869 2210 ad
887 2176 985 2210 hunc
1004 2175 1121 2210 Vellei
1139 2175 1292 2211 accedit.

322 2234 402 2269 Erit
422 2234 530 2279 igitur
547 2233 775 2269 huiusmodi:
1082 2229 1085 2231 μ

322 2292 382 2338 qui
411 2292 598 2327 concussis
625 2293 661 2327 h.
679 2304 710 2327 u.
731 2293 862 2327 classis
887 2291 1124 2336 peditumque
1150 2291 1441 2336 expeditionibus
1468 2303 1550 2325 curn
1575 2304 1603 2326 r.

277 2352 318 2385 G.
340 2362 387 2385 m.
407 2362 453 2385 m.
481 2361 729 2395 accensasque
753 2349 871 2395 plebis
889 2350 932 2385 V.
950 2350 984 2384 d.
1004 2349 1221 2384 coercitione
1244 2361 1292 2384 1n.
1310 2361 1343 2394 q.
1362 2361 1396 2394 p.
1415 2348 1602 2392 mouisset,

278 2416 428 2442 senatus
455 2409 681 2452 populusque
710 2409 753 2442 R.
781 2408 988 2452 postulante
1014 2415 1118 2451 patre
1145 2407 1221 2441 eius
1244 2414 1281 2441 ut
1307 2418 1464 2452 aequum
1489 2405 1522 2440 ei
1545 2408 1602 2440 ius

277 2466 297 2500 i.
318 2479 348 2500 o.
369 2478 403 2511 p.
422 2478 452 2501 e.
471 2478 500 2500 e.
520 2477 553 2511 q.
573 2478 603 2501 e.
628 2465 709 2510 ipsi,
729 2466 877 2500 decreto
896 2466 1109 2509 complexus
1127 2469 1194 2500 est.
1245 2465 1395 2500 Etenim
1419 2476 1449 2499 a.
1469 2476 1499 2499 e.
1518 2475 1553 2498 n.
1572 2475 1604 2498 e.

916 2531 973 2561 188
