1799 2864
665 212 869 250 VELLEI
902 213 1220 252 PATERCVLI

269 328 345 371 per
375 322 581 361 Caesarem
611 323 671 360 M.
706 321 878 372 Lepidus
912 324 1128 372 praefectus
1163 331 1231 370 est,
1268 322 1326 361 uir
1356 323 1526 362 nominis
1557 337 1602 363 ac

278 387 454 424 fortunae
481 388 644 424 deorum
674 386 882 436 proximuS,
905 400 1022 435 quem
1053 386 1092 424 in
1122 395 1312 436 quantum
1343 387 1508 437 quisque
1537 397 1603 426 aut

278 463 514 499 cognoscere
534 458 600 488 aut
617 450 838 500 intellegere
859 450 996 499 potuit,
1015 450 1054 488 in
1075 459 1226 489 tantum
1241 451 1400 489 miratur
1415 466 1460 490 ac
1477 452 1602 502 diligit

278 523 555 565 tantorumque
569 516 786 562 nominum,
796 515 938 565 quibus
952 523 1058 553 ortus
1071 524 1139 563 est,
1155 526 1428 555 ornamentum
1443 517 1599 555 iudicat.

199 597 259 633 115
333 582 476 620 Caesar
506 583 556 620 ad
582 583 742 620 alteram
772 581 863 619 belli
895 581 1103 620 Delmatici
1124 584 1268 621 molem
1289 583 1464 621 animum
1485 592 1602 633 atque

277 661 384 686 arma
422 648 596 687 contulit.
656 648 695 686 in
734 662 812 697 qua
849 648 1006 697 regione
1044 648 1148 697 quali
1186 649 1363 688 adiutore
1396 652 1603 700 legatoque

277 713 390 750 fratre
411 726 500 751 meo
524 712 656 762 Magio
678 713 815 751 Celere
835 712 1039 750 Velleiano
1066 726 1158 751 usus
1186 713 1243 760 sit,
1266 714 1385 763 ipsius
1406 714 1603 764 patrisque

277 778 359 816 eius
391 778 680 828 praedicatione
701 785 884 815 testatum
910 786 966 816 est
987 786 1024 816 et
1044 778 1372 828 amplissimorum
1394 781 1600 827 donorum,

278 843 420 892 quibus
452 843 695 892 triumphans
727 857 817 881 eum
850 844 993 882 Caesar
1030 843 1204 890 donauit,
1240 843 1364 893 signat
1402 845 1600 883 memoria.

244 923 258 943 2
278 908 388 946 initio
418 908 573 946 aestatis
606 908 779 958 Lepidus
809 910 953 947 educto
982 908 1154 947 hibernis
1184 909 1352 947 exercitu
1382 923 1450 959 per
1478 911 1602 960 gentis

279 973 443 1023 integras
483 973 733 1023 immunisque
771 975 902 1012 adhuc
940 975 1052 1012 clade
1091 974 1181 1012 belli
1220 982 1257 1012 et
1296 988 1343 1013 eo
1381 975 1519 1013 ferocis
1557 989 1603 1014 ac

277 1039 394 1077 trucis
421 1041 587 1078 tendens
613 1041 663 1078 ad
684 1039 886 1078 Tiberium
914 1039 1187 1089 imperatorem
1209 1048 1246 1078 et
1267 1054 1356 1078 cum
1378 1040 1604 1079 difficultate

279 1107 453 1143 locorum
492 1113 530 1143 et
568 1119 658 1143 cum
696 1105 736 1143 ui
774 1105 945 1143 hostium
985 1107 1164 1152 luctatus,
1197 1119 1338 1155 magna
1372 1120 1461 1144 cum
1494 1108 1604 1145 clade

278 1169 552 1207 obsistentium
591 1169 727 1207 excisis
765 1169 875 1219 agris,
916 1169 1059 1208 exustis
1100 1170 1299 1217 aedificiis,
1340 1170 1461 1208 caesis
1500 1170 1602 1217 uiris,

278 1237 401 1273 laetus
435 1234 599 1273 uictoria
632 1236 855 1284 praedaque
887 1243 1050 1273 onustus
1085 1235 1262 1285 peruenit
1296 1237 1346 1274 ad
1381 1237 1601 1283 Caesarem,

244 1307 316 1344 get
346 1300 399 1337 ob
432 1313 488 1346 ea,
525 1313 625 1348 quae
659 1299 690 1337 si
724 1299 887 1349 propriis
921 1299 1101 1349 gessisset
1135 1300 1328 1349 auspiciis,
1365 1300 1603 1350 triumphare

278 1366 477 1411 debuerat,
493 1364 731 1403 ornamentis
745 1365 1044 1415 triumphalibus
1061 1365 1331 1404 consentiente
1352 1379 1441 1403 cum
1458 1365 1604 1404 iudicio

240 1456 258 1481 4
278 1430 498 1480 principum
537 1432 740 1468 uoluntate
779 1438 935 1468 senatus
969 1445 986 1465 21<
1019 1445 1036 1464 *
1068 1438 1135 1468 est.
1196 1430 1260 1468 illa
1285 1438 1410 1469 aestas
1445 1430 1602 1468 maximi

278 1496 368 1534 belli
390 1495 680 1534 consummauit
704 1497 888 1534 effectus:
934 1495 1080 1545 quippe
1111 1498 1294 1534 Perustae
1323 1504 1361 1534 et
1392 1496 1602 1534 Desitiates

280 1562 495 1607 Delmatae,
532 1560 606 1598 situ
638 1562 813 1598 locorum
845 1573 890 1597 ac
925 1560 1130 1607 montium,
1162 1560 1406 1610 ingeniorum
1445 1560 1599 1606 ferocia,
1624 1578 1636 1597 2

278 1628 373 1666 mira
393 1628 509 1666 etiam
531 1627 731 1678 pugnandi
752 1627 914 1666 scientia
934 1636 971 1665 et
998 1627 1205 1677 praecipue
1225 1628 1411 1678 angustiis
1432 1630 1600 1666 saltuum

278 1707 403 1742 paene
435 1692 766 1742 inexpugnabiles,
799 1706 879 1731 non
911 1692 988 1730 iam
1020 1694 1152 1740 ductu,
1175 1694 1245 1731 sed
1277 1692 1457 1731 manibus
1486 1701 1604 1742 atque

278 1757 393 1796 armis
423 1758 543 1807 ipsius
574 1757 750 1797 Caesaris
780 1766 863 1796 tum
893 1760 1053 1796 demum
1084 1758 1210 1808 pacati
1236 1766 1336 1804 sunt,
1360 1772 1448 1796 cum
1480 1772 1604 1807 paene

242 1843 258 1871 5
279 1823 454 1861 funditus
488 1823 612 1862 euersi
644 1825 779 1862 forent.
840 1823 935 1861 nihil
970 1823 1008 1861 in
1040 1825 1116 1862 hoc
1147 1831 1256 1862 tanto
1288 1824 1402 1870 bello,
1435 1823 1530 1861 nihil
1565 1823 1603 1861 in

325 1937 337 1956 1
366 1937 425 1966 per
436 1926 549 1957 addidi
620 1927 664 1957 M.
685 1927 757 1958 add.
778 1927 887 1957 Burer
959 1927 1046 1967 pref.
1058 1927 1091 1956 A
1161 1927 1288 1956 nomini
1305 1926 1476 1956 Acidalius
1585 1937 1604 1956 2

278 1972 419 2001 deorum
436 1970 602 2001 Laurent:
627 1981 743 2001 eorum
760 1971 849 2001 AF:
895 1971 1077 2001 Caesarum
1095 1969 1236 2010 Scltqffer
1351 1981 1427 2000 max
1444 1970 1512 2008 del„
1532 1970 1603 2001 dein

277 2015 452 2054 proximus
469 2014 500 2043 A
523 2015 592 2049 (sic)
726 2024 745 2052 3
770 2014 966 2053 intellegere
983 2014 1037 2046 A:
1065 2014 1205 2052 intellig.
1226 2013 1259 2043 P
1398 2023 1417 2052 5
1444 2013 1550 2044 Dalm.
1568 2014 1600 2043 A

278 2068 295 2096 7
320 2058 495 2087 Velleiano
522 2056 690 2087 Gelenius:
717 2058 784 2087 Ulli
803 2058 873 2093 (ulli
891 2058 940 2096 P)
960 2059 1048 2088 ssano
1064 2057 1149 2087 AP:
1177 2057 1321 2087 Ulissano
1339 2056 1447 2086 Burer
1583 2058 1603 2087 8

276 2103 445 2131 donem-fn
461 2102 625 2131 honorum
641 2101 674 2130 A
697 2101 764 2141 (sid)
779 2113 785 2132 :
811 2102 975 2132 honorum
992 2101 1026 2131 P
1157 2111 1196 2130 10
1220 2101 1391 2139 pergentis
1408 2101 1438 2130 in
1461 2101 1539 2137 (om.
1558 2100 1603 2134 Ρ)

279 2145 428 2183 integras
448 2145 638 2183 (integritas
654 2144 699 2184 B)
718 2144 819 2173 APB
924 2155 959 2174 11
986 2150 1184 2183 imunesque
1202 2143 1254 2174 B:
1288 2145 1520 2182 immunesque
1536 2143 1606 2173 ΑΡ

278 2189 409 2218 feroces
423 2199 459 2218 ac
471 2192 585 2218 truces
595 2188 663 2218 ΑΡ
753 2198 790 2226 14
808 2188 887 2219 edis.
903 2188 935 2217 A
1032 2189 1068 2217 16
1085 2187 1238 2227 auspitiis
1249 2187 1282 2216 A
1377 2197 1413 2225 17
1433 2186 1550 2217 iuditio
1567 2186 1600 2216 A

282 2233 319 2262 18
335 2232 566 2271 suppleuemcnt
577 2235 715 2261 ornatus
729 2230 765 2261 G.
777 2231 824 2262 A.
836 2231 936 2265 Koclz,
950 2232 983 2261 in
996 2242 1097 2270 quam
1110 2230 1289 2270 παρήχησιν
1301 2234 1330 2259 et
1343 2231 1406 2270 ipse
1418 2230 1600 2261 incideram.

278 2275 314 2314 cs.
332 2275 515 2305 honoribus
532 2275 733 2305 honoratum
753 2284 824 2313 124.
842 2284 884 2312 3:
909 2275 1051 2305 donatus
1067 2273 1269 2304 Rhenanus:
1296 2274 1481 2304 honoratus
1505 2273 1605 2302 Herc!

274 2320 429 2357 probante
452 2317 568 2349 Nova'k
738 2323 827 2348 estas
852 2318 984 2348 maximi
1012 2317 1161 2355 (maximi
1179 2317 1326 2354 Feclzter)
1464 2326 1502 2355 19
1526 2326 1601 2346 con-

279 2362 424 2392 sumauit
442 2361 473 2390 A
630 2361 766 2400 perusia
789 2362 1003 2391 aedesitiales
1026 2361 1084 2391 A:
1117 2361 1258 2390 Perusia
1283 2361 1367 2390 aede
1393 2360 1525 2390 siciales
1550 2358 1603 2388 P:

281 2405 445 2435 Perustae
470 2404 550 2435 Voss
638 2404 825 2435 Desitiates
852 2404 1020 2435 Gelenius:
1051 2409 1084 2434 et
1107 2404 1196 2444 uulg.
1214 2414 1253 2434 ac
1275 2403 1354 2434 Voss
1368 2403 1459 2443 prob.
1477 2402 1604 2433 Krt'tzio

279 2459 321 2479 20
346 2449 522 2479 Delmatae
538 2447 588 2479 B:
615 2448 788 2479 Dalmatae
805 2448 875 2477 ΑΡ
1003 2458 1041 2478 21
1068 2447 1189 2478 saltum
1207 2457 1294 2487 pene
1311 2447 1344 2476 A

918 2526 978 2558 126

1626 926 1663 948 10
