1799 2864
686 228 856 266 LIBER
888 229 928 265 II

157 352 246 376 curn
267 338 443 388 protinus
463 351 509 376 ex
525 336 664 375 uicinis
680 336 900 387 legionibus
917 336 1165 374 centuriones
1182 350 1291 374 suam
1309 349 1482 374 suorum·
1503 349 1519 379 5

157 417 233 453 que
254 403 420 440 militum
441 415 599 451 operam
618 401 652 439 ei
672 400 948 450 pollicerentur
968 413 1097 449 neque
1114 414 1199 438 eam
1221 401 1481 449 spernendam

158 467 403 506 Saluidienus
433 476 470 504 et
500 465 673 516 Agrippa
696 465 882 512 dicerent,
909 465 973 503 ille
1002 465 1189 503 festinans
1216 465 1419 514 peruenire
1443 464 1481 501 in

158 532 293 569 urbem
309 544 467 569 omnem
484 529 770 568 ordinationem
793 538 829 568 et
850 529 957 567 necis
978 537 1015 567 et
1043 529 1265 567 testamenti
1287 527 1482 566 Brundisii

120 626 135 640 ,⁴
158 594 357 644 comperit.
399 594 461 632 cui
475 594 704 633 aduentanti
720 597 890 633 Romam
905 594 1072 632 inmanis
1085 593 1301 632 amicorum
1319 592 1484 631 occurrit
1504 600 1523 630 6

158 659 384 709 frequentia,
401 668 437 697 et
454 672 543 698 cum
558 659 715 698 intraret
728 660 877 707 urbem,
897 659 988 697 solis
1010 658 1113 697 orbis
1135 672 1250 708 super
1265 666 1381 707 caput
1403 658 1484 696 eius

158 733 340 762 curuatus
371 724 582 774 aequaliter
605 726 916 774 rotundatusque
940 724 979 762 in
1004 725 1211 763 †colorem
1236 737 1347 761 arcus
1377 724 1483 761 uelut

159 802 343 827 coronam
365 788 461 826 tanti
482 802 572 827 mox
592 788 663 826 uiri
684 788 800 838 capiti
820 788 1028 838 imponens
1049 796 1283 838 conspectus
1304 796 1371 826 est.

213 855 305 892 Non
319 853 498 902 placebat
512 852 625 891 Atiae
639 853 750 891 matri
764 852 1026 903 Philippoque
1040 852 1177 891 uitrico
1190 851 1287 890 adiri
1306 854 1324 896 †
1336 865 1480 889 nomen
1502 857 1558 892 60

160 918 377 956 inuidiosae
411 919 588 956 fortunae
622 918 810 965 Caesaris,
847 920 914 956 sed
949 918 1183 956 adserebant
1217 916 1397 955 salutaria
1430 916 1483 954 rei

160 984 340 1033 publicae
364 991 629 1033 terrarumque
650 983 754 1022 orbis
781 985 859 1021 fata
885 983 1130 1022 conditorem
1155 990 1486 1021 conseruatorem-

161 1062 237 1098 que
283 1047 454 1085 Romani
499 1047 679 1086 nominis.
757 1047 902 1097 spreuit
947 1047 1078 1097 itaque
1117 1047 1293 1085 caelestis
1333 1046 1487 1084 animus
1510 1058 1524 1079 2

161 1114 333 1150 humana
353 1112 516 1150 consilia
542 1120 579 1150 et
606 1125 696 1150 curn
721 1112 894 1161 periculo
921 1111 1051 1161 potius
1076 1124 1229 1149 summa
1256 1124 1374 1160 quam
1403 1118 1488 1148 tuto

162 1176 324 1214 humilia
353 1176 555 1225 proposuit
585 1176 695 1226 sequi
722 1176 937 1226 maluitque
966 1177 1164 1214 auunculo
1189 1183 1226 1214 et
1254 1174 1411 1214 Caesari
1439 1175 1488 1212 de

126 1262 139 1291 ς
164 1256 204 1280 se
234 1255 353 1291 quarn
382 1240 520 1279 uitrico
550 1242 718 1288 credere,
750 1241 932 1280 dictitans
963 1243 1070 1280 nefas
1101 1255 1196 1287 esse,
1225 1253 1304 1290 quo
1329 1239 1489 1278 nomine

165 1305 321 1345 Caesari
343 1305 483 1355 dignus
512 1314 613 1344 esset
640 1306 757 1353 uisus,
780 1306 936 1344 sibimet
961 1306 1088 1356 ipsum
1119 1305 1324 1355 indignum
1352 1304 1486 1343 uideri.

165 1372 270 1408 hunc
304 1369 480 1419 protinus
514 1370 710 1409 Antonius
740 1372 877 1408 consul
907 1371 1074 1420 superbe
1103 1369 1254 1419 excepit
1285 1370 1430 1420 (neque
1460 1369 1490 1407 is
1512 1382 1529 1411 5

166 1443 244 1472 erat
266 1442 526 1483 contemptus,
550 1436 619 1473 sed
640 1435 783 1485 metus)
806 1435 948 1485 uixque
968 1435 1141 1473 admisso
1166 1435 1205 1472 in
1228 1433 1491 1483 Pompeianos

167 1500 299 1536 hortos
338 1498 525 1547 loquendi
564 1513 697 1537 secum
737 1508 891 1549 tempus
930 1499 1050 1546 dedit,
1092 1512 1183 1537 mox
1225 1499 1341 1537 etiam
1384 1499 1491 1536 uelut

109 1582 112 1586 1
165 1562 314 1600 insidiis
363 1562 445 1601 eius
492 1563 635 1612 petitus
678 1566 840 1603 sceleste
882 1564 1105 1602 insimulare
1148 1563 1288 1612 coepit,
1329 1563 1368 1600 in
1412 1576 1491 1612 quo

166 1627 326 1676 turpiter
359 1628 550 1676 deprensa
583 1628 665 1666 eius
700 1629 851 1667 uanitas
881 1637 948 1667 est.
1007 1637 1139 1678 aperte
1169 1627 1314 1666 deinde
1342 1627 1490 1665 Antoni
1512 1642 1529 1670 4

164 1705 209 1729 ac
232 1692 462 1730 Dolabellae
482 1694 688 1731 consulum
713 1694 763 1732 ad
790 1694 1001 1731 nefandam
1026 1692 1338 1731 dominationem
1366 1691 1492 1741 erupit

166 1758 278 1794 furor.
339 1757 556 1795 sestertium
582 1758 752 1807 septiens
777 1758 941 1805 miliens,
965 1757 1188 1807 depositum
1213 1771 1235 1795 a
1256 1758 1299 1797 C.
1325 1758 1491 1796 Caesare

165 1822 215 1859 ad
245 1822 383 1859 aedem
409 1821 517 1871 Opis,
544 1830 779 1872 occupatum
809 1823 859 1861 ab
889 1822 1077 1869 Antonio,
1107 1830 1283 1860 actorum
1314 1821 1489 1860 eiusdem

214 1934 225 1954 1
254 1934 348 1954 suam
368 1924 531 1957 Gelenius:
557 1936 634 1956 suas
649 1926 721 1956 ΑΡ
870 1937 889 1956 2
914 1926 1116 1965 pollicentur
1132 1924 1222 1956 BA:
1251 1925 1493 1964 pollicerentur

169 1967 206 2001 P,
235 1968 333 2003 credo,
362 1979 400 1997 ex
426 1969 546 2000 emend.
575 1968 732 2000 Rlzcnmtz'
882 1981 901 2008 4
927 1970 1080 2000 ordinem
1098 1980 1136 2000 ac
1155 1969 1319 1999 rationem
1337 1969 1494 1998 Mum-ker

170 2010 350 2041 Brundusii
379 2011 450 2041 ΑΡ
588 2014 609 2042 6
632 2017 665 2043 et
692 2023 767 2043 cum
788 2013 929 2043 intraret
946 2014 1063 2043 urbem
1086 2024 1151 2043 om.
1175 2013 1208 2042 in
1233 2016 1331 2046 textu,
1357 2012 1430 2042 add.
1458 2012 1490 2042 in

169 2064 273 2093 mmg.
290 2054 323 2084 A
451 2065 466 2094 7
493 2056 644 2086 rutilatus
664 2057 700 2087 G.
716 2056 762 2088 A.
783 2057 894 2087 Koch:
919 2057 1065 2087 radiatus
1087 2056 1236 2086 IVz'llzelm
1312 2055 1345 2085 in
1365 2065 1491 2084 morem

168 2108 266 2128 arcus
283 2097 405 2128 Bothe:
429 2099 462 2128 in
481 2099 640 2130 circulum
657 2110 753 2130 arcus
781 2100 910 2131 Halm:
949 2100 984 2139 ‘s-
1016 2100 1091 2130 Sem.
1120 2099 1195 2129 Nat.
1216 2099 1269 2138 Qu
1296 2099 1316 2130 i.
1334 2109 1363 2129 2.
1385 2107 1397 2127 Ι
1425 2109 1491 2128 me-

169 2141 295 2171 moriae
308 2142 475 2180 proditum
488 2148 548 2181 est,
561 2154 628 2182 quo
645 2144 699 2173 die
716 2144 831 2173 urbem
844 2144 941 2174 diuus
955 2145 1128 2181 Augustus
1139 2142 1321 2182 Apollonia
1335 2151 1493 2172 reuersus

170 2185 314 2216 intrauit,
343 2186 429 2215 circa
454 2186 557 2216 solem
594 2187 701 2218 uisum
732 2187 854 2217 coloris
888 2188 971 2218 uarii
998 2187 1168 2225 circulum,
1203 2187 1309 2225 qualis
1345 2196 1419 2215 esse
1456 2185 1491 2215 in

169 2238 246 2257 arcu
273 2228 385 2259 solet:
417 2230 653 2261 uersicolorem
681 2241 794 2261 arcum
817 2231 915 2260 Herel
1019 2231 1039 2260 8
1064 2231 1133 2269 inp.
1149 2229 1183 2260 A
1288 2240 1326 2259 10
1349 2228 1491 2258 inuidio-

170 2281 241 2301 sum
273 2271 404 2302 Scrz'ner
492 2284 529 2303 12
552 2275 691 2313 spraeuit
706 2274 740 2304 A
836 2283 872 2313 15
898 2275 1017 2305 cedere
1033 2273 1110 2311 ΑΡ,
1128 2284 1191 2304 em.
1207 2272 1355 2304 Gelenius
1454 2274 1492 2302 16

1251 2327 1268 2340 0.

170 2348 303 2378 sibimet
332 2347 468 2379 Vrsinus
486 2353 513 2379 et
530 2349 662 2390 Benlley
677 2363 683 2382 ε
708 2356 815 2381 semet
840 2350 912 2381 AP
995 2319 1170 2390 indigiigum
1189 2350 1295 2380 uideri
1311 2349 1342 2379 A
1359 2348 1496 2379 Renum·

170 2391 314 2421 ordinem
333 2393 464 2431 qm'sm'!
480 2398 553 2423 ante
567 2396 702 2434 scriptas
717 2397 739 2427 Β
757 2407 776 2424 α
794 2395 921 2430 litteras,
947 2395 1064 2434 quibus
1086 2394 1313 2424 inueffmdum
1334 2403 1408 2423 cum
1428 2403 1492 2422 esse

170 2434 366 2473 szgnficam't
381 2436 564 2466 Amcrbaclz
665 2438 771 2468 uideri
796 2438 971 2477 indignum
988 2437 1021 2467 P
1106 2448 1141 2476 ¹7
1168 2437 1299 2468 COSA
1318 2448 1324 2467 :
1349 2436 1449 2467 COS.
1463 2435 1496 2465 P

171 2478 295 2516 excipit
311 2478 387 2516 ΑΡ,
407 2490 466 2510 em.
487 2480 622 2511 Cludius
796 2491 833 2512 21
860 2482 1075 2521 deprehensa
1092 2480 1162 2510 ΑΡ
1269 2479 1409 2511 Antonii
1425 2478 1496 2510 ΑΡ

171 2531 212 2559 23
236 2523 428 2553 sestertium
447 2524 599 2563 septiens
614 2524 647 2554 A
665 2536 672 2556 ε
697 2524 778 2556 S—H
798 2526 926 2564 septies
942 2525 975 2555 P
1061 2525 1168 2555 milies
1183 2523 1254 2554 ΑΡ

813 2584 851 2618 77
