1799 2864
122 936 162 958 10

126 1583 165 1604 20

719 226 889 263 LIBER
920 225 961 262 II

232 339 411 387 Longum
441 343 499 375 est
528 348 689 382 narrare,
721 335 816 384 quid
846 342 883 372 et
917 334 1098 384 quotiens
1127 347 1243 372 ausus
1273 334 1331 381 sit,
1355 341 1502 384 quanto
1520 340 1573 378 42

178 415 296 451 opere
325 410 465 440 conata
490 401 571 439 eius
598 400 665 450 qui
696 399 900 438 obtinebat
931 399 1066 437 Asiam
1096 399 1340 448 magistratus
1367 398 1503 448 populi

181 466 351 505 Romani
379 473 484 504 metu
511 478 582 503 suo
611 463 851 502 destituerit:
885 463 981 501 illud
1008 464 1191 501 referatur
1219 464 1502 501 documentum

179 531 275 569 tanti
296 544 386 568 mox
406 529 558 568 euasuri
579 528 660 567 uiri.
720 541 821 578 quae
841 541 919 566 nox
939 541 1025 566 eam
1046 528 1151 566 diem
1179 535 1312 565 secuta
1336 535 1404 574 est,
1427 541 1504 577 qua
1526 544 1539 564 2

179 595 336 645 publica
374 594 577 632 ciuitatum
610 592 778 642 pecunia
815 594 1041 641 redemptus
1080 599 1148 638 est,
1188 591 1241 629 ita
1279 599 1422 638 tamen,
1462 599 1504 629 ut

179 667 333 709 cogeret
371 666 461 696 ante
501 658 659 696 obsides
696 671 720 695 a
752 657 883 707 piratis
922 656 1145 695 ciuitatibus
1177 656 1270 703 dari,
1306 663 1505 694 contracta

179 725 302 762 classe
322 731 359 761 et
390 723 563 772 priuatus
589 730 627 760 et
654 721 904 760 tumultuaria
929 721 1108 759 inuectus
1128 720 1168 758 in
1189 734 1277 759 eum
1300 722 1442 767 locum,
1465 720 1503 757 in

179 801 259 838 quo
297 787 369 837 ipsi
403 788 621 836 praedones
656 793 775 832 erant,
808 793 957 835 partem
996 785 1128 823 classis
1161 784 1319 834 fugauit,
1356 792 1504 833 partem

181 853 323 899 mersit,
359 852 508 901 aliquot
537 851 648 889 nauis
680 852 903 900 multosque
935 850 1107 888 mortalis
1138 849 1266 898 cepit3
1303 851 1506 898 laetusque
1525 870 1542 899 3

181 925 396 956 nocturnae
434 915 692 965 expeditionis
730 915 929 964 triumpho
975 916 1026 953 ad
1074 928 1165 952 suos
1212 928 1388 952 reuersus
1436 921 1504 960 est,

182 981 455 1030 mandatisque
486 981 689 1019 custodiae
716 994 815 1030 quos
842 987 1007 1029 ceperat,
1030 979 1069 1017 in
1098 979 1321 1028 Bithyniam
1343 978 1507 1028 perrexit

180 1047 231 1084 ad
250 1047 526 1095 proconsulem
550 1047 717 1083 Iuncum
741 1045 862 1096 (idem
884 1044 988 1083 enim
1010 1044 1145 1082 Asiam
1172 1057 1338 1094 eamque
1359 1043 1508 1082 obtine-

181 1110 264 1160 bat)
294 1118 442 1159 petens‚
471 1118 513 1147 ut
539 1117 674 1148 auctor
700 1111 807 1147 fieret
834 1109 1015 1147 sumendi
1042 1110 1092 1147 de
1123 1108 1287 1158 captiuis
1319 1107 1507 1157 supplici:

182 1175 290 1224 quod
311 1188 401 1212 cum
422 1174 486 1212 ille
506 1188 547 1212 se
568 1175 759 1212 facturum
780 1181 958 1223 negasset
979 1173 1311 1223 uenditurumque
1331 1172 1508 1222 captiuos

183 1239 342 1277 dixisset
382 1238 544 1289 (quippe
582 1239 818 1288 sequebatur
856 1238 1005 1276 inuidia
1042 1237 1249 1287 inertiam),
1290 1236 1509 1275 incredibili

184 1303 379 1341 celeritate
410 1310 588 1340 reuectus
619 1304 670 1340 ad
702 1316 818 1349 mare,
842 1302 1068 1352 priusquam
1101 1303 1150 1340 de
1182 1316 1227 1340 ea
1258 1315 1298 1340 re
1329 1301 1396 1339 ulli
1426 1315 1510 1351 pro-

184 1368 356 1406 consulis
387 1369 641 1406 redderentur
667 1367 866 1417 epistulae,
890 1367 1028 1414 omnis‚
1052 1380 1150 1416 quos
1180 1374 1346 1416 ceperat,
1369 1366 1509 1404 suffixit

185 1446 299 1471 crum.

241 1498 354 1535 Idem
393 1510 484 1534 mox
521 1497 571 1534 ad
610 1496 871 1535 sacerdotium
910 1496 1127 1534 ineundum
1168 1495 1330 1546 (quippe
1368 1496 1510 1533 absens
1529 1511 1581 1548 43

186 1561 360 1611 pontifex
380 1562 503 1598 factus
531 1568 611 1598 erat
638 1561 677 1598 in
705 1562 846 1600 Cottae
873 1561 1087 1599 consularis
1119 1562 1261 1607 locum,
1284 1574 1364 1598 cum
1386 1574 1511 1610 paene

186 1639 281 1676 puer
300 1639 323 1663 a
345 1625 472 1663 Mario
494 1625 701 1674 Cinnaque
722 1627 865 1664 flamen
886 1626 998 1664 dialis
1019 1633 1169 1663 creatus
1191 1625 1353 1663 uictoria
1369 1627 1509 1673 Sullae,

186 1691 253 1740 qui
269 1690 402 1729 omnia
417 1690 466 1728 ab
487 1690 532 1728 iis
553 1698 639 1728 acta
655 1692 798 1728 fecerat
818 1690 942 1737 inrita,
960 1690 1153 1729 amisisset
1173 1690 1214 1729 id
1230 1690 1509 1740 sacerdotium)

231 1804 245 1824 1
271 1795 327 1833 qui
355 1818 363 1826 .
392 1819 399 1825 .
427 1819 434 1825 .
463 1804 564 1824 ausus
588 1794 630 1824 sit
654 1799 748 1825 tanto
779 1805 882 1834 opere
909 1800 1030 1825 conata
1055 1819 1061 1825 .
1084 1819 1091 1826 .
1115 1819 1122 1826 .
1149 1795 1334 1825 destituere
1363 1794 1512 1824 [leelm

186 1848 206 1877 3
230 1844 319 1869 metu
349 1837 511 1869 Gelenius:
548 1842 638 1868 motu
667 1837 738 1867 ΑΡ
910 1839 1095 1868 destituere
1123 1837 1198 1875 ΑΡ,
1228 1849 1302 1868 corr.
1331 1838 1514 1868 Rhenanus

186 1894 205 1920 4
229 1887 349 1921 sequta
376 1881 408 1910 A
513 1891 613 1920 quam
629 1881 662 1910 A
840 1891 859 1920 5
883 1882 1066 1912 ciuitatium
1082 1881 1116 1911 P
1215 1886 1266 1912 est
1282 1881 1346 1911 BA
1365 1893 1371 1912 :
1400 1892 1463 1911 om.
1483 1880 1516 1910 P

188 1936 205 1964 7
231 1931 265 1955 et
294 1925 444 1964 priuatus
470 1930 502 1954 et
529 1929 635 1955 contr.
661 1924 701 1955 cl.
727 1925 940 1955 tumultuaria
974 1925 1123 1956 Scm'ner:
1155 1929 1188 1955 et
1217 1926 1367 1964 priuatus
1396 1929 1430 1955 et
1455 1924 1511 1954 del.

186 1969 225 1999 F.
245 1969 357 1999 Riihl:
383 1968 537 2007 priuatim
554 1973 587 1998 et
602 1969 814 1999 tumultuarie
834 1969 971 1999 Cludizss
986 1969 1142 2008 quoduz'x
1157 1969 1367 1998 necessarium
1456 1968 1511 1997 ubi

188 2012 258 2052 dcl„
279 2011 349 2042 dein
366 2017 524 2051 suprascr.
551 2012 583 2041 in
608 2022 675 2051 quo
699 2012 731 2041 A
875 2023 896 2051 9
920 2013 1078 2043 mortales
1103 2011 1174 2041 AF
1306 2022 1340 2042 11
1361 2013 1513 2042 custodia

1301 2064 1363 2080 cum

188 2099 293 2127 equos
310 2087 342 2117 A
418 2088 556 2127 Bythin.
573 2087 607 2117 A
745 2098 781 2117 12
812 2088 943 2119 Iunium
963 2099 1036 2119 curn
1051 2088 1127 2127 ΑΡ,
1144 2089 1174 2119 Ιι.
1192 2099 1215 2119 e.
1236 2089 1367 2118 Iunium
1439 2088 1515 2117 Vide

187 2131 357 2171 Nipperdm'
377 2132 490 2171 Opztsc-
507 2136 562 2171 pp.
581 2133 644 2170 326
665 2135 694 2161 et
714 2133 777 2170 448
866 2133 953 2163 idern
979 2133 1066 2162 enim
1089 2132 1206 2162 Asiam
1227 2143 1300 2162 eam
1320 2143 1420 2171 quam
1445 2133 1512 2162 obt.

187 2175 273 2206 AP:
311 2176 350 2204 idv
375 2186 427 2205 en.
446 2174 560 2204 Asiam
586 2176 758 2206 obtinebat
781 2175 970 2215 Nipperdei:
1008 2176 1121 2216 scm'psi
1141 2186 1214 2206 cum
1239 2176 1350 2215 Lipsio
1374 2186 1513 2213 eamque

188 2219 252 2249 lz.e.
278 2219 492 2256 Bitlmn'am:
520 2223 686 2257 tamquam
711 2220 777 2250 obt.
799 2219 837 2249 G.
856 2219 900 2250 A.
925 2220 1013 2249 Koch
1204 2230 1242 2258 13
1266 2218 1423 2258 supplicii
1448 2218 1518 2248 ΑΡ

192 2272 229 2299 14
253 2262 395 2300 negauit
419 2268 577 2299 negasset
594 2262 625 2291 A
646 2263 718 2302 (sic)
812 2272 849 2301 15
874 2263 1032 2293 inuidiam
1051 2262 1171 2293 inertia
1187 2263 1302 2292 Haase
1312 2262 1518 2302 probabililer

193 2327 228 2355 17
254 2319 479 2348 redderentur
496 2317 539 2348 B:
571 2319 771 2348 redderetur
787 2318 857 2347 ΑΡ
954 2313 1075 2358 &A
1095 2330 1101 2348 :
1130 2319 1274 2357 epistula
1293 2318 1344 2348 B:
1369 2317 1513 2356 epistola

233 2372 239 2391 :
280 2362 421 2399 ‘opinor
453 2361 635 2399 legendum
668 2361 851 2401 epistulae’
884 2362 992 2392 Bm‘et·
1099 2372 1217 2392 omnes
1250 2361 1320 2391 ΑΡ
1471 2371 1514 2390 20

189 2415 262 2435 cum
280 2405 405 2434 addz'dz't
421 2404 553 2443 Lipsius
673 2416 713 2435 22
737 2406 847 2435 omnia
873 2406 913 2435 ab
941 2407 982 2436 iis
1010 2406 1261 2447 {aeta—neeepat
1288 2409 1363 2435 acta
1387 2404 1513 2435 fecerat

188 2449 277 2522 igrita
301 2448 332 2476 Α
355 2448 424 2486 (sir)
441 2459 574 2520 Lqssmn
598 2450 709 2479 omnia
734 2459 819 2488 quae
836 2450 877 2479 ab
895 2449 934 2479 iis
952 2454 1025 2480 acta
1042 2454 1219 2488 acceperat
1237 2449 1258 2479 f.
1277 2449 1391 2480 irrita?
1480 2448 1514 2478 id

220 2492 358 2522 clemins:
382 2492 422 2521 ad

860 2557 898 2588 61
