<?xml version="1.0" encoding="UTF-8"?>
<!DOCTYPE html PUBLIC "-//W3C//DTD XHTML 1.0 Transitional//EN"
    "http://www.w3.org/TR/xhtml1/DTD/xhtml1-transitional.dtd">
<html xmlns="http://www.w3.org/1999/xhtml" xml:lang="en" lang="en">
 <head>
  <title>
</title>
<meta http-equiv="Content-Type" content="text/html;charset=utf-8" />
  <meta name='ocr-system' content='tesseract 3.04.00' />
  <meta name='ocr-capabilities' content='ocr_page ocr_carea ocr_par ocr_line ocrx_word'/>
</head>
<body>
  <div class='ocr_page' id='page_1' title='image "admvinciumlibrid00velluoft_0166.png"; bbox 0 0 1799 2864; ppageno 0'>
   <div class='ocr_carea' id='block_1_1' title="bbox 663 216 1218 256">
    <p class='ocr_par' dir='ltr' id='par_1_1' title="bbox 663 216 1218 256">
     <span class='ocr_line' id='line_1_1' title="bbox 663 216 1218 256; baseline 0.007 -4"><span class='ocrx_word' id='word_1_1' title='bbox 663 216 868 254; x_wconf 82' lang='lat' dir='ltr'>VELLEI</span> <span class='ocrx_word' id='word_1_2' title='bbox 899 218 1218 256; x_wconf 83' lang='lat' dir='ltr'><strong>PATERCVLI</strong></span> 
     </span>
    </p>
   </div>
   <div class='ocr_carea' id='block_1_2' title="bbox 277 322 1603 506">
    <p class='ocr_par' dir='ltr' id='par_1_2' title="bbox 277 322 1603 506">
     <span class='ocr_line' id='line_1_2' title="bbox 277 322 1603 377; baseline 0.006 -17"><span class='ocrx_word' id='word_1_3' title='bbox 277 322 436 361; x_wconf 89' lang='lat' dir='ltr'>iudicari</span> <span class='ocrx_word' id='word_1_4' title='bbox 458 337 600 373; x_wconf 87' lang='lat' dir='ltr'>parem.</span> <span class='ocrx_word' id='word_1_5' title='bbox 660 324 698 362; x_wconf 91' lang='lat' dir='ltr'>in</span> <span class='ocrx_word' id='word_1_6' title='bbox 720 326 856 363; x_wconf 91' lang='lat' dir='ltr'>urbem</span> <span class='ocrx_word' id='word_1_7' title='bbox 874 339 1049 364; x_wconf 90' lang='lat' dir='ltr'>reuersus</span> <span class='ocrx_word' id='word_1_8' title='bbox 1066 326 1141 365; x_wconf 91' lang='lat' dir='ltr'>iam</span> <span class='ocrx_word' id='word_1_9' title='bbox 1159 327 1308 377; x_wconf 80' lang='lat' dir='ltr'>pridem</span> <span class='ocrx_word' id='word_1_10' title='bbox 1326 328 1514 376; x_wconf 86' lang='lat' dir='ltr'>debitum,</span> <span class='ocrx_word' id='word_1_11' title='bbox 1533 330 1603 368; x_wconf 90' lang='lat' dir='ltr'>sed</span> 
     </span>
     <span class='ocr_line' id='line_1_3' title="bbox 277 387 1603 443; baseline 0.006 -19"><span class='ocrx_word' id='word_1_12' title='bbox 277 387 573 426; x_wconf 79' lang='lat' dir='ltr'>continuatione</span> <span class='ocrx_word' id='word_1_13' title='bbox 606 389 795 427; x_wconf 90' lang='lat' dir='ltr'>bellorum</span> <span class='ocrx_word' id='word_1_14' title='bbox 826 390 989 428; x_wconf 88' lang='lat' dir='ltr'>dilatum</span> <span class='ocrx_word' id='word_1_15' title='bbox 1017 405 1062 429; x_wconf 85' lang='lat' dir='ltr'>ex</span> <span class='ocrx_word' id='word_1_16' title='bbox 1090 392 1303 430; x_wconf 86' lang='lat' dir='ltr'>Pannoniis</span> <span class='ocrx_word' id='word_1_17' title='bbox 1332 393 1603 443; x_wconf 80' lang='lat' dir='ltr'><strong>Delmatisque</strong></span> 
     </span>
     <span class='ocr_line' id='line_1_4' title="bbox 278 452 1602 506; baseline 0.005 -17"><span class='ocrx_word' id='word_1_18' title='bbox 278 452 354 501; x_wconf 87' lang='lat' dir='ltr'>egit</span> <span class='ocrx_word' id='word_1_19' title='bbox 393 452 644 502; x_wconf 90' lang='lat' dir='ltr'>triumphum.</span> <span class='ocrx_word' id='word_1_20' title='bbox 715 453 824 492; x_wconf 90' lang='lat' dir='ltr'>cuius</span> <span class='ocrx_word' id='word_1_21' title='bbox 869 454 1197 504; x_wconf 83' lang='lat' dir='ltr'>magnificentiam</span> <span class='ocrx_word' id='word_1_22' title='bbox 1243 457 1329 506; x_wconf 82' lang='lat' dir='ltr'>quis</span> <span class='ocrx_word' id='word_1_23' title='bbox 1369 457 1526 495; x_wconf 89' lang='lat' dir='ltr'>miretur</span> <span class='ocrx_word' id='word_1_24' title='bbox 1564 458 1602 495; x_wconf 93' lang='lat' dir='ltr'>in</span> 
     </span>
    </p>
   </div>
   <div class='ocr_carea' id='block_1_3' title="bbox 240 518 1604 572">
    <p class='ocr_par' dir='ltr' id='par_1_3' title="bbox 240 518 1604 572">
     <span class='ocr_line' id='line_1_5' title="bbox 240 518 1604 572; baseline 0.004 -17"><span class='ocrx_word' id='word_1_25' title='bbox 240 533 258 562; x_wconf 77' lang='lat'><em>3</em></span> <span class='ocrx_word' id='word_1_26' title='bbox 280 518 476 556; x_wconf 80' lang='lat' dir='ltr'><strong>Caesare?</strong></span> <span class='ocrx_word' id='word_1_27' title='bbox 526 520 704 557; x_wconf 76' lang='lat' dir='ltr'>fortunae</span> <span class='ocrx_word' id='word_1_28' title='bbox 736 533 829 557; x_wconf 90' lang='lat' dir='ltr'>uero</span> <span class='ocrx_word' id='word_1_29' title='bbox 861 520 947 569; x_wconf 87' lang='lat' dir='ltr'>quis</span> <span class='ocrx_word' id='word_1_30' title='bbox 979 534 1058 559; x_wconf 91' lang='lat' dir='ltr'>non</span> <span class='ocrx_word' id='word_1_31' title='bbox 1094 521 1252 560; x_wconf 90' lang='lat' dir='ltr'>miretur</span> <span class='ocrx_word' id='word_1_32' title='bbox 1289 522 1604 572; x_wconf 80' lang='lat' dir='ltr'>indulgentiam?</span> 
     </span>
    </p>
   </div>
   <div class='ocr_carea' id='block_1_4' title="bbox 188 855 258 882">
    <p class='ocr_par' dir='ltr' id='par_1_4' title="bbox 188 855 258 882">
     <span class='ocr_line' id='line_1_6' title="bbox 188 855 258 882; baseline 0 0"><span class='ocrx_word' id='word_1_33' title='bbox 188 855 258 882; x_wconf 87' lang='lat'>122</span> 
     </span>
    </p>
   </div>
   <div class='ocr_carea' id='block_1_5' title="bbox 192 1829 262 1865">
    <p class='ocr_par' dir='ltr' id='par_1_5' title="bbox 192 1829 262 1865">
     <span class='ocr_line' id='line_1_7' title="bbox 192 1829 262 1865; baseline -0.014 -8"><span class='ocrx_word' id='word_1_34' title='bbox 192 1829 262 1865; x_wconf 89' lang='lat'>123</span> 
     </span>
    </p>
   </div>
   <div class='ocr_carea' id='block_1_6' title="bbox 276 582 1605 701">
    <p class='ocr_par' dir='ltr' id='par_1_6' title="bbox 276 582 1605 701">
     <span class='ocr_line' id='line_1_8' title="bbox 277 582 1605 632; baseline 0.006 -13"><span class='ocrx_word' id='word_1_35' title='bbox 277 582 423 632; x_wconf 86' lang='lat' dir='ltr'>quippe</span> <span class='ocrx_word' id='word_1_36' title='bbox 454 583 582 621; x_wconf 86' lang='lat' dir='ltr'>omnis</span> <span class='ocrx_word' id='word_1_37' title='bbox 616 583 945 622; x_wconf 87' lang='lat' dir='ltr'>eminentissimos</span> <span class='ocrx_word' id='word_1_38' title='bbox 979 585 1149 623; x_wconf 85' lang='lat' dir='ltr'>hostium</span> <span class='ocrx_word' id='word_1_39' title='bbox 1185 588 1305 625; x_wconf 90' lang='lat' dir='ltr'>duces</span> <span class='ocrx_word' id='word_1_40' title='bbox 1339 602 1418 626; x_wconf 93' lang='lat' dir='ltr'>non</span> <span class='ocrx_word' id='word_1_41' title='bbox 1454 588 1605 626; x_wconf 86' lang='lat' dir='ltr'>occisos</span> 
     </span>
     <span class='ocr_line' id='line_1_9' title="bbox 276 647 1604 701; baseline 0.005 -17"><span class='ocrx_word' id='word_1_42' title='bbox 276 648 380 685; x_wconf 89' lang='lat' dir='ltr'>fama</span> <span class='ocrx_word' id='word_1_43' title='bbox 403 647 582 694; x_wconf 85' lang='lat' dir='ltr'>narrauit,</span> <span class='ocrx_word' id='word_1_44' title='bbox 605 649 674 686; x_wconf 88' lang='lat' dir='ltr'>sed</span> <span class='ocrx_word' id='word_1_45' title='bbox 701 647 854 686; x_wconf 87' lang='lat' dir='ltr'>uinctos</span> <span class='ocrx_word' id='word_1_46' title='bbox 881 648 1100 698; x_wconf 87' lang='lat' dir='ltr'>triumphus</span> <span class='ocrx_word' id='word_1_47' title='bbox 1127 651 1322 699; x_wconf 73' lang='lat' dir='ltr'>ostendit,</span> <span class='ocrx_word' id='word_1_48' title='bbox 1362 666 1479 701; x_wconf 90' lang='lat' dir='ltr'>quem</span> <span class='ocrx_word' id='word_1_49' title='bbox 1510 652 1604 690; x_wconf 88' lang='lat' dir='ltr'>mihi</span> 
     </span>
    </p>
   </div>
   <div class='ocr_carea' id='block_1_7' title="bbox 276 711 1610 1541">
    <p class='ocr_par' dir='ltr' id='par_1_7' title="bbox 276 711 1604 826">
     <span class='ocr_line' id='line_1_10' title="bbox 276 711 1604 764; baseline 0.006 -16"><span class='ocrx_word' id='word_1_50' title='bbox 276 711 460 761; x_wconf 83' lang='lat' dir='ltr'>fratrique</span> <span class='ocrx_word' id='word_1_51' title='bbox 481 726 569 751; x_wconf 90' lang='lat' dir='ltr'>meo</span> <span class='ocrx_word' id='word_1_52' title='bbox 591 713 690 750; x_wconf 90' lang='lat' dir='ltr'>inter</span> <span class='ocrx_word' id='word_1_53' title='bbox 705 713 934 762; x_wconf 88' lang='lat' dir='ltr'>praecipuos</span> <span class='ocrx_word' id='word_1_54' title='bbox 951 714 1247 764; x_wconf 78' lang='lat' dir='ltr'>praecipuisque</span> <span class='ocrx_word' id='word_1_55' title='bbox 1263 717 1377 755; x_wconf 86' lang='lat' dir='ltr'>donis</span> <span class='ocrx_word' id='word_1_56' title='bbox 1393 719 1604 756; x_wconf 85' lang='lat' dir='ltr'>adornatos</span> 
     </span>
     <span class='ocr_line' id='line_1_11' title="bbox 276 775 769 826; baseline 0.002 -13"><span class='ocrx_word' id='word_1_57' title='bbox 276 775 380 814; x_wconf 89' lang='lat' dir='ltr'>uiros</span> <span class='ocrx_word' id='word_1_58' title='bbox 402 777 577 815; x_wconf 86' lang='lat' dir='ltr'>comitari</span> <span class='ocrx_word' id='word_1_59' title='bbox 598 777 769 826; x_wconf 84' lang='lat' dir='ltr'>contigit.</span> 
     </span>
    </p>

    <p class='ocr_par' dir='ltr' id='par_1_8' title="bbox 278 841 1610 1541">
     <span class='ocr_line' id='line_1_12' title="bbox 333 841 1602 893; baseline 0.004 -15"><span class='ocrx_word' id='word_1_60' title='bbox 333 841 432 890; x_wconf 86' lang='lat' dir='ltr'>Quis</span> <span class='ocrx_word' id='word_1_61' title='bbox 467 855 545 880; x_wconf 93' lang='lat' dir='ltr'>non</span> <span class='ocrx_word' id='word_1_62' title='bbox 582 842 680 880; x_wconf 90' lang='lat' dir='ltr'>inter</span> <span class='ocrx_word' id='word_1_63' title='bbox 711 842 869 891; x_wconf 87' lang='lat' dir='ltr'>reliqua,</span> <span class='ocrx_word' id='word_1_64' title='bbox 893 842 1035 892; x_wconf 88' lang='lat' dir='ltr'>quibus</span> <span class='ocrx_word' id='word_1_65' title='bbox 1065 843 1267 893; x_wconf 84' lang='lat' dir='ltr'>singularis</span> <span class='ocrx_word' id='word_1_66' title='bbox 1297 846 1513 885; x_wconf 83' lang='lat' dir='ltr'>moderatio</span> <span class='ocrx_word' id='word_1_67' title='bbox 1543 846 1602 884; x_wconf 89' lang='lat' dir='ltr'>Ti.</span> 
     </span>
     <span class='ocr_line' id='line_1_13' title="bbox 279 906 1603 961; baseline 0.005 -17"><span class='ocrx_word' id='word_1_68' title='bbox 279 906 456 945; x_wconf 79' lang='lat' dir='ltr'>Caesaris</span> <span class='ocrx_word' id='word_1_69' title='bbox 488 909 615 945; x_wconf 88' lang='lat' dir='ltr'>elucet</span> <span class='ocrx_word' id='word_1_70' title='bbox 645 915 762 956; x_wconf 89' lang='lat' dir='ltr'>atque</span> <span class='ocrx_word' id='word_1_71' title='bbox 794 907 951 954; x_wconf 90' lang='lat' dir='ltr'>eminet,</span> <span class='ocrx_word' id='word_1_72' title='bbox 983 909 1059 946; x_wconf 92' lang='lat' dir='ltr'>hoc</span> <span class='ocrx_word' id='word_1_73' title='bbox 1090 922 1249 958; x_wconf 89' lang='lat' dir='ltr'>quoque</span> <span class='ocrx_word' id='word_1_74' title='bbox 1284 910 1451 958; x_wconf 88' lang='lat' dir='ltr'>miretur,</span> <span class='ocrx_word' id='word_1_75' title='bbox 1483 913 1603 961; x_wconf 90' lang='lat' dir='ltr'>quod,</span> 
     </span>
     <span class='ocr_line' id='line_1_14' title="bbox 279 971 1606 1023; baseline 0.004 -14"><span class='ocrx_word' id='word_1_76' title='bbox 279 984 369 1009; x_wconf 91' lang='lat' dir='ltr'>cum</span> <span class='ocrx_word' id='word_1_77' title='bbox 391 971 473 1010; x_wconf 88' lang='lat' dir='ltr'>sine</span> <span class='ocrx_word' id='word_1_78' title='bbox 494 974 572 1009; x_wconf 91' lang='lat' dir='ltr'>ulla</span> <span class='ocrx_word' id='word_1_79' title='bbox 592 972 837 1010; x_wconf 87' lang='lat' dir='ltr'>dubitatione</span> <span class='ocrx_word' id='word_1_80' title='bbox 859 981 1008 1022; x_wconf 87' lang='lat' dir='ltr'>septem</span> <span class='ocrx_word' id='word_1_81' title='bbox 1030 973 1248 1023; x_wconf 87' lang='lat' dir='ltr'>triumphos</span> <span class='ocrx_word' id='word_1_82' title='bbox 1270 976 1461 1023; x_wconf 88' lang='lat' dir='ltr'>meruerit,</span> <span class='ocrx_word' id='word_1_83' title='bbox 1484 976 1606 1014; x_wconf 83' lang='lat' dir='ltr'>tribus</span> 
     </span>
     <span class='ocr_line' id='line_1_15' title="bbox 279 1036 1606 1090; baseline 0.005 -17"><span class='ocrx_word' id='word_1_84' title='bbox 279 1044 487 1074; x_wconf 82' lang='lat' dir='ltr'>contentus</span> <span class='ocrx_word' id='word_1_85' title='bbox 526 1036 669 1074; x_wconf 85' lang='lat' dir='ltr'>fuerit?</span> <span class='ocrx_word' id='word_1_86' title='bbox 743 1036 829 1086; x_wconf 87' lang='lat' dir='ltr'>quis</span> <span class='ocrx_word' id='word_1_87' title='bbox 868 1037 973 1075; x_wconf 89' lang='lat' dir='ltr'>enim</span> <span class='ocrx_word' id='word_1_88' title='bbox 1021 1038 1200 1076; x_wconf 92' lang='lat' dir='ltr'>dubitare</span> <span class='ocrx_word' id='word_1_89' title='bbox 1239 1048 1377 1089; x_wconf 88' lang='lat' dir='ltr'>potest,</span> <span class='ocrx_word' id='word_1_90' title='bbox 1419 1040 1513 1090; x_wconf 90' lang='lat' dir='ltr'>quin</span> <span class='ocrx_word' id='word_1_91' title='bbox 1561 1054 1606 1079; x_wconf 82' lang='lat' dir='ltr'>ex</span> 
     </span>
     <span class='ocr_line' id='line_1_16' title="bbox 278 1100 1607 1154; baseline 0.005 -17"><span class='ocrx_word' id='word_1_92' title='bbox 278 1100 465 1138; x_wconf 90' lang='lat' dir='ltr'>Armenia</span> <span class='ocrx_word' id='word_1_93' title='bbox 486 1109 641 1150; x_wconf 85' lang='lat' dir='ltr'>recepta</span> <span class='ocrx_word' id='word_1_94' title='bbox 661 1109 698 1139; x_wconf 91' lang='lat' dir='ltr'>et</span> <span class='ocrx_word' id='word_1_95' title='bbox 719 1115 765 1139; x_wconf 84' lang='lat' dir='ltr'>ex</span> <span class='ocrx_word' id='word_1_96' title='bbox 785 1115 873 1151; x_wconf 85' lang='lat' dir='ltr'>rege</span> <span class='ocrx_word' id='word_1_97' title='bbox 893 1102 1115 1151; x_wconf 89' lang='lat' dir='ltr'>praeposito</span> <span class='ocrx_word' id='word_1_98' title='bbox 1129 1103 1175 1149; x_wconf 93' lang='lat' dir='ltr'>ei,</span> <span class='ocrx_word' id='word_1_99' title='bbox 1194 1103 1303 1141; x_wconf 83' lang='lat' dir='ltr'>cuius</span> <span class='ocrx_word' id='word_1_100' title='bbox 1320 1104 1436 1154; x_wconf 89' lang='lat' dir='ltr'>capiti</span> <span class='ocrx_word' id='word_1_101' title='bbox 1457 1105 1607 1154; x_wconf 80' lang='lat' dir='ltr'>insigne</span> 
     </span>
     <span class='ocr_line' id='line_1_17' title="bbox 278 1165 1608 1217; baseline 0.004 -14"><span class='ocrx_word' id='word_1_102' title='bbox 278 1165 425 1215; x_wconf 82' lang='lat' dir='ltr'>regium</span> <span class='ocrx_word' id='word_1_103' title='bbox 459 1180 528 1203; x_wconf 89' lang='lat' dir='ltr'>sua</span> <span class='ocrx_word' id='word_1_104' title='bbox 559 1180 677 1204; x_wconf 89' lang='lat' dir='ltr'>manu</span> <span class='ocrx_word' id='word_1_105' title='bbox 710 1166 958 1216; x_wconf 78' lang='lat' dir='ltr'>imposuerat,</span> <span class='ocrx_word' id='word_1_106' title='bbox 992 1167 1259 1217; x_wconf 81' lang='lat' dir='ltr'>ordinatisque</span> <span class='ocrx_word' id='word_1_107' title='bbox 1290 1169 1405 1207; x_wconf 89' lang='lat' dir='ltr'>rebus</span> <span class='ocrx_word' id='word_1_108' title='bbox 1437 1169 1608 1208; x_wconf 77' lang='lat' dir='ltr'>Orientis</span> 
     </span>
     <span class='ocr_line' id='line_1_18' title="bbox 281 1230 1608 1284; baseline 0.003 -16"><span class='ocrx_word' id='word_1_109' title='bbox 281 1244 404 1268; x_wconf 89' lang='lat' dir='ltr'>ouans</span> <span class='ocrx_word' id='word_1_110' title='bbox 435 1230 672 1280; x_wconf 86' lang='lat' dir='ltr'>triumphare</span> <span class='ocrx_word' id='word_1_111' title='bbox 702 1231 891 1277; x_wconf 83' lang='lat' dir='ltr'>debuerit,</span> <span class='ocrx_word' id='word_1_112' title='bbox 915 1240 951 1269; x_wconf 89' lang='lat' dir='ltr'>et</span> <span class='ocrx_word' id='word_1_113' title='bbox 982 1231 1280 1270; x_wconf 80' lang='lat' dir='ltr'>Vindelicorum</span> <span class='ocrx_word' id='word_1_114' title='bbox 1314 1235 1608 1284; x_wconf 82' lang='lat' dir='ltr'>Raetorumque</span> 
     </span>
     <span class='ocr_line' id='line_1_19' title="bbox 280 1295 1607 1349; baseline 0.003 -16"><span class='ocrx_word' id='word_1_115' title='bbox 280 1295 406 1334; x_wconf 89' lang='lat' dir='ltr'>uictor</span> <span class='ocrx_word' id='word_1_116' title='bbox 426 1310 538 1333; x_wconf 89' lang='lat' dir='ltr'>curru</span> <span class='ocrx_word' id='word_1_117' title='bbox 559 1296 695 1334; x_wconf 92' lang='lat' dir='ltr'>urbem</span> <span class='ocrx_word' id='word_1_118' title='bbox 718 1296 895 1346; x_wconf 80' lang='lat' dir='ltr'>ingredi?</span> <span class='ocrx_word' id='word_1_119' title='bbox 935 1296 1063 1334; x_wconf 88' lang='lat' dir='ltr'>fractis</span> <span class='ocrx_word' id='word_1_120' title='bbox 1085 1297 1228 1336; x_wconf 89' lang='lat' dir='ltr'>deinde</span> <span class='ocrx_word' id='word_1_121' title='bbox 1245 1307 1332 1347; x_wconf 84' lang='lat' dir='ltr'>post</span> <span class='ocrx_word' id='word_1_122' title='bbox 1352 1299 1607 1349; x_wconf 88' lang='lat' dir='ltr'>adoptionem</span> 
     </span>
     <span class='ocr_line' id='line_1_20' title="bbox 281 1360 1610 1402; baseline 0.002 -4"><span class='ocrx_word' id='word_1_123' title='bbox 281 1360 468 1399; x_wconf 90' lang='lat' dir='ltr'>continua</span> <span class='ocrx_word' id='word_1_124' title='bbox 489 1360 629 1399; x_wconf 88' lang='lat' dir='ltr'>trienni</span> <span class='ocrx_word' id='word_1_125' title='bbox 659 1360 795 1398; x_wconf 87' lang='lat' dir='ltr'>militia</span> <span class='ocrx_word' id='word_1_126' title='bbox 825 1361 1058 1399; x_wconf 85' lang='lat' dir='ltr'>Germaniae</span> <span class='ocrx_word' id='word_1_127' title='bbox 1088 1362 1235 1400; x_wconf 89' lang='lat' dir='ltr'>uiribus</span> <span class='ocrx_word' id='word_1_128' title='bbox 1265 1362 1369 1401; x_wconf 91' lang='lat' dir='ltr'>idem</span> <span class='ocrx_word' id='word_1_129' title='bbox 1400 1363 1454 1401; x_wconf 92' lang='lat' dir='ltr'>illi</span> <span class='ocrx_word' id='word_1_130' title='bbox 1483 1365 1610 1402; x_wconf 88' lang='lat' dir='ltr'>honor</span> 
     </span>
     <span class='ocr_line' id='line_1_21' title="bbox 282 1425 1610 1476; baseline 0.002 -13"><span class='ocrx_word' id='word_1_131' title='bbox 282 1434 319 1463; x_wconf 91' lang='lat' dir='ltr'>et</span> <span class='ocrx_word' id='word_1_132' title='bbox 353 1426 589 1463; x_wconf 88' lang='lat' dir='ltr'>deferendus</span> <span class='ocrx_word' id='word_1_133' title='bbox 621 1433 658 1463; x_wconf 88' lang='lat' dir='ltr'>et</span> <span class='ocrx_word' id='word_1_134' title='bbox 690 1425 937 1474; x_wconf 85' lang='lat' dir='ltr'>recipiendus</span> <span class='ocrx_word' id='word_1_135' title='bbox 971 1426 1114 1464; x_wconf 88' lang='lat' dir='ltr'>fuerit?</span> <span class='ocrx_word' id='word_1_136' title='bbox 1167 1434 1204 1464; x_wconf 92' lang='lat' dir='ltr'>et</span> <span class='ocrx_word' id='word_1_137' title='bbox 1236 1436 1323 1476; x_wconf 86' lang='lat' dir='ltr'>post</span> <span class='ocrx_word' id='word_1_138' title='bbox 1353 1429 1506 1466; x_wconf 87' lang='lat' dir='ltr'>cladem</span> <span class='ocrx_word' id='word_1_139' title='bbox 1536 1429 1610 1466; x_wconf 89' lang='lat' dir='ltr'>sub</span> 
     </span>
     <span class='ocr_line' id='line_1_22' title="bbox 282 1490 1608 1541; baseline 0.003 -14"><span class='ocrx_word' id='word_1_140' title='bbox 282 1493 387 1529; x_wconf 89' lang='lat' dir='ltr'>Varo</span> <span class='ocrx_word' id='word_1_141' title='bbox 411 1498 625 1540; x_wconf 86' lang='lat' dir='ltr'>acceptam,</span> <span class='ocrx_word' id='word_1_142' title='bbox 651 1496 858 1540; x_wconf 68' lang='lat' dir='ltr'>exspectato</span> <span class='ocrx_word' id='word_1_143' title='bbox 883 1490 991 1529; x_wconf 89' lang='lat' dir='ltr'>ocius</span> <span class='ocrx_word' id='word_1_144' title='bbox 1022 1491 1282 1541; x_wconf 88' lang='lat' dir='ltr'>prosperrimo</span> <span class='ocrx_word' id='word_1_145' title='bbox 1313 1506 1439 1530; x_wconf 89' lang='lat' dir='ltr'>rerum</span> <span class='ocrx_word' id='word_1_146' title='bbox 1464 1501 1608 1531; x_wconf 92' lang='lat' dir='ltr'>euentu</span> 
     </span>
    </p>
   </div>
   <div class='ocr_carea' id='block_1_8' title="bbox 281 1555 1646 1605">
    <p class='ocr_par' dir='ltr' id='par_1_9' title="bbox 281 1555 1646 1605">
     <span class='ocr_line' id='line_1_23' title="bbox 281 1555 1646 1605; baseline -0.001 -11"><span class='ocrx_word' id='word_1_147' title='bbox 281 1557 420 1594; x_wconf 89' lang='lat' dir='ltr'>eadem</span> <span class='ocrx_word' id='word_1_148' title='bbox 453 1555 581 1594; x_wconf 82' lang='lat' dir='ltr'>excisa</span> <span class='ocrx_word' id='word_1_149' title='bbox 615 1555 825 1594; x_wconf 88' lang='lat' dir='ltr'>Germania</span> <span class='ocrx_word' id='word_1_150' title='bbox 856 1555 1074 1605; x_wconf 90' lang='lat' dir='ltr'>triumphus</span> <span class='ocrx_word' id='word_1_151' title='bbox 1110 1556 1252 1594; x_wconf 89' lang='lat' dir='ltr'>summi</span> <span class='ocrx_word' id='word_1_152' title='bbox 1287 1557 1397 1595; x_wconf 90' lang='lat' dir='ltr'>ducis</span> <span class='ocrx_word' id='word_1_153' title='bbox 1430 1557 1609 1596; x_wconf 89' lang='lat' dir='ltr'>adornari</span> <span class='ocrx_word' id='word_1_154' title='bbox 1633 1571 1646 1592; x_wconf 82' lang='lat'>2</span> 
     </span>
    </p>
   </div>
   <div class='ocr_carea' id='block_1_9' title="bbox 282 1620 1608 1671">
    <p class='ocr_par' dir='ltr' id='par_1_10' title="bbox 282 1620 1608 1671">
     <span class='ocr_line' id='line_1_24' title="bbox 282 1620 1608 1671; baseline 0 -12"><span class='ocrx_word' id='word_1_155' title='bbox 282 1620 490 1659; x_wconf 85' lang='lat' dir='ltr'>debuerit?</span> <span class='ocrx_word' id='word_1_156' title='bbox 545 1622 614 1658; x_wconf 90' lang='lat' dir='ltr'>sed</span> <span class='ocrx_word' id='word_1_157' title='bbox 646 1620 685 1658; x_wconf 91' lang='lat' dir='ltr'>in</span> <span class='ocrx_word' id='word_1_158' title='bbox 717 1622 793 1658; x_wconf 91' lang='lat' dir='ltr'>hoc</span> <span class='ocrx_word' id='word_1_159' title='bbox 825 1620 908 1659; x_wconf 87' lang='lat' dir='ltr'>uiro</span> <span class='ocrx_word' id='word_1_160' title='bbox 941 1621 1103 1667; x_wconf 84' lang='lat' dir='ltr'>nescias,</span> <span class='ocrx_word' id='word_1_161' title='bbox 1136 1629 1265 1658; x_wconf 84' lang='lat' dir='ltr'>utrum</span> <span class='ocrx_word' id='word_1_162' title='bbox 1298 1621 1419 1671; x_wconf 83' lang='lat' dir='ltr'>magis</span> <span class='ocrx_word' id='word_1_163' title='bbox 1450 1622 1608 1668; x_wconf 85' lang='lat' dir='ltr'>mireris,</span> 
     </span>
    </p>
   </div>
   <div class='ocr_carea' id='block_1_10' title="bbox 282 1685 1609 1801">
    <p class='ocr_par' dir='ltr' id='par_1_11' title="bbox 282 1685 1609 1801">
     <span class='ocr_line' id='line_1_25' title="bbox 282 1685 1609 1736; baseline 0.002 -13"><span class='ocrx_word' id='word_1_164' title='bbox 282 1687 391 1735; x_wconf 92' lang='lat' dir='ltr'>quod</span> <span class='ocrx_word' id='word_1_165' title='bbox 420 1686 598 1724; x_wconf 85' lang='lat' dir='ltr'>laborum</span> <span class='ocrx_word' id='word_1_166' title='bbox 629 1685 970 1735; x_wconf 88' lang='lat' dir='ltr'>periculorumque</span> <span class='ocrx_word' id='word_1_167' title='bbox 999 1700 1153 1736; x_wconf 87' lang='lat' dir='ltr'>semper</span> <span class='ocrx_word' id='word_1_168' title='bbox 1179 1686 1342 1724; x_wconf 77' lang='lat' dir='ltr'>excessit</span> <span class='ocrx_word' id='word_1_169' title='bbox 1363 1688 1538 1734; x_wconf 87' lang='lat' dir='ltr'>modum,</span> <span class='ocrx_word' id='word_1_170' title='bbox 1561 1702 1609 1725; x_wconf 87' lang='lat' dir='ltr'>an</span> 
     </span>
     <span class='ocr_line' id='line_1_26' title="bbox 282 1751 869 1801; baseline -0.002 -12"><span class='ocrx_word' id='word_1_171' title='bbox 282 1752 391 1801; x_wconf 88' lang='lat' dir='ltr'>quod</span> <span class='ocrx_word' id='word_1_172' title='bbox 412 1752 605 1789; x_wconf 88' lang='lat' dir='ltr'>honorum</span> <span class='ocrx_word' id='word_1_173' title='bbox 629 1751 869 1800; x_wconf 88' lang='lat' dir='ltr'>temperauit.</span> 
     </span>
    </p>
   </div>
   <div class='ocr_carea' id='block_1_11' title="bbox 336 1815 1612 1867">
    <p class='ocr_par' dir='ltr' id='par_1_12' title="bbox 336 1815 1612 1867">
     <span class='ocr_line' id='line_1_27' title="bbox 336 1815 1612 1867; baseline 0.002 -15"><span class='ocrx_word' id='word_1_174' title='bbox 336 1815 502 1854; x_wconf 84' lang='lat' dir='ltr'>Venitur</span> <span class='ocrx_word' id='word_1_175' title='bbox 521 1817 571 1853; x_wconf 88' lang='lat' dir='ltr'>ad</span> <span class='ocrx_word' id='word_1_176' title='bbox 592 1823 757 1865; x_wconf 86' lang='lat' dir='ltr'>tempus,</span> <span class='ocrx_word' id='word_1_177' title='bbox 781 1815 819 1853; x_wconf 91' lang='lat' dir='ltr'>in</span> <span class='ocrx_word' id='word_1_178' title='bbox 841 1829 920 1865; x_wconf 90' lang='lat' dir='ltr'>quo</span> <span class='ocrx_word' id='word_1_179' title='bbox 940 1816 1010 1854; x_wconf 89' lang='lat' dir='ltr'>fuit</span> <span class='ocrx_word' id='word_1_180' title='bbox 1032 1816 1242 1865; x_wconf 90' lang='lat' dir='ltr'>plurimum</span> <span class='ocrx_word' id='word_1_181' title='bbox 1270 1825 1406 1854; x_wconf 86' lang='lat' dir='ltr'>metus.</span> <span class='ocrx_word' id='word_1_182' title='bbox 1467 1817 1612 1867; x_wconf 84' lang='lat' dir='ltr'>quippe</span> 
     </span>
    </p>
   </div>
   <div class='ocr_carea' id='block_1_12' title="bbox 285 1881 1668 1931">
    <p class='ocr_par' dir='ltr' id='par_1_13' title="bbox 285 1881 1668 1931">
     <span class='ocr_line' id='line_1_28' title="bbox 285 1881 1668 1931; baseline 0.001 -12"><span class='ocrx_word' id='word_1_183' title='bbox 285 1881 429 1919; x_wconf 89' lang='lat' dir='ltr'>Caesar</span> <span class='ocrx_word' id='word_1_184' title='bbox 449 1883 648 1929; x_wconf 81' lang='lat' dir='ltr'>Augustus</span> <span class='ocrx_word' id='word_1_185' title='bbox 676 1894 765 1918; x_wconf 87' lang='lat' dir='ltr'>cum</span> <span class='ocrx_word' id='word_1_186' title='bbox 797 1881 1075 1919; x_wconf 89' lang='lat' dir='ltr'>Germanicum</span> <span class='ocrx_word' id='word_1_187' title='bbox 1106 1889 1291 1930; x_wconf 87' lang='lat' dir='ltr'>nepotem</span> <span class='ocrx_word' id='word_1_188' title='bbox 1322 1895 1436 1919; x_wconf 87' lang='lat' dir='ltr'>suum</span> <span class='ocrx_word' id='word_1_189' title='bbox 1466 1882 1613 1931; x_wconf 88' lang='lat' dir='ltr'>reliqua</span> <span class='ocrx_word' id='word_1_190' title='bbox 1655 1897 1668 1927; x_wconf 71' lang='grc'>,-</span> 
     </span>
    </p>
   </div>
   <div class='ocr_carea' id='block_1_13' title="bbox 286 1944 1615 2062">
    <p class='ocr_par' dir='ltr' id='par_1_14' title="bbox 286 1944 1615 2062">
     <span class='ocr_line' id='line_1_29' title="bbox 286 1944 1612 1994; baseline 0.002 -12"><span class='ocrx_word' id='word_1_191' title='bbox 286 1945 376 1983; x_wconf 91' lang='lat' dir='ltr'>belli</span> <span class='ocrx_word' id='word_1_192' title='bbox 407 1953 645 1994; x_wconf 89' lang='lat' dir='ltr'>patraturum</span> <span class='ocrx_word' id='word_1_193' title='bbox 679 1944 845 1983; x_wconf 83' lang='lat' dir='ltr'>misisset</span> <span class='ocrx_word' id='word_1_194' title='bbox 879 1945 918 1983; x_wconf 93' lang='lat' dir='ltr'>in</span> <span class='ocrx_word' id='word_1_195' title='bbox 951 1945 1214 1992; x_wconf 81' lang='lat' dir='ltr'>Germaniam,</span> <span class='ocrx_word' id='word_1_196' title='bbox 1248 1945 1450 1984; x_wconf 90' lang='lat' dir='ltr'>Tiberium</span> <span class='ocrx_word' id='word_1_197' title='bbox 1481 1956 1612 1985; x_wconf 89' lang='lat' dir='ltr'>autem</span> 
     </span>
     <span class='ocr_line' id='line_1_30' title="bbox 286 2009 1615 2062; baseline 0.002 -15"><span class='ocrx_word' id='word_1_198' title='bbox 286 2009 408 2047; x_wconf 88' lang='lat' dir='ltr'>filium</span> <span class='ocrx_word' id='word_1_199' title='bbox 440 2009 625 2047; x_wconf 88' lang='lat' dir='ltr'>missurus</span> <span class='ocrx_word' id='word_1_200' title='bbox 655 2018 756 2048; x_wconf 81' lang='lat' dir='ltr'>esset</span> <span class='ocrx_word' id='word_1_201' title='bbox 787 2009 825 2047; x_wconf 95' lang='lat' dir='ltr'>in</span> <span class='ocrx_word' id='word_1_202' title='bbox 857 2010 1054 2060; x_wconf 81' lang='lat' dir='ltr'>Illyricum</span> <span class='ocrx_word' id='word_1_203' title='bbox 1084 2012 1135 2049; x_wconf 91' lang='lat' dir='ltr'>ad</span> <span class='ocrx_word' id='word_1_204' title='bbox 1168 2012 1360 2049; x_wconf 87' lang='lat' dir='ltr'>firmanda</span> <span class='ocrx_word' id='word_1_205' title='bbox 1388 2025 1485 2061; x_wconf 91' lang='lat' dir='ltr'>pace</span> <span class='ocrx_word' id='word_1_206' title='bbox 1514 2026 1615 2062; x_wconf 89' lang='lat' dir='ltr'>quae</span> 
     </span>
    </p>
   </div>
   <div class='ocr_carea' id='block_1_14' title="bbox 287 2114 1619 2546">
    <p class='ocr_par' dir='ltr' id='par_1_15' title="bbox 287 2114 1619 2546">
     <span class='ocr_line' id='line_1_31' title="bbox 331 2114 1614 2153; baseline 0.002 -9"><span class='ocrx_word' id='word_1_207' title='bbox 331 2126 350 2151; x_wconf 84' lang='lat'><strong>4</strong></span> <span class='ocrx_word' id='word_1_208' title='bbox 374 2115 407 2144; x_wconf 87' lang='lat' dir='ltr'>in</span> <span class='ocrx_word' id='word_1_209' title='bbox 426 2115 632 2153; x_wconf 86' lang='lat' dir='ltr'>diligentiam</span> <span class='ocrx_word' id='word_1_210' title='bbox 649 2114 681 2143; x_wconf 94' lang='lat' dir='ltr'><em>A</em></span> <span class='ocrx_word' id='word_1_211' title='bbox 773 2124 791 2153; x_wconf 87' lang='lat'><strong>5</strong></span> <span class='ocrx_word' id='word_1_212' title='bbox 818 2115 927 2146; x_wconf 88' lang='lat' dir='ltr'>omnis</span> <span class='ocrx_word' id='word_1_213' title='bbox 944 2115 976 2145; x_wconf 97' lang='lat' dir='ltr'><em>A</em></span> <span class='ocrx_word' id='word_1_214' title='bbox 1067 2116 1088 2144; x_wconf 90' lang='grc'>6</span> <span class='ocrx_word' id='word_1_215' title='bbox 1112 2121 1147 2146; x_wconf 89' lang='lat' dir='ltr'>ut</span> <span class='ocrx_word' id='word_1_216' title='bbox 1165 2116 1220 2146; x_wconf 77' lang='lat' dir='ltr'>del.</span> <span class='ocrx_word' id='word_1_217' title='bbox 1238 2120 1312 2145; x_wconf 79' lang='lat' dir='ltr'>ante</span> <span class='ocrx_word' id='word_1_218' title='bbox 1327 2116 1413 2146; x_wconf 86' lang='lat' dir='ltr'>fama</span> <span class='ocrx_word' id='word_1_219' title='bbox 1428 2116 1461 2145; x_wconf 92' lang='lat' dir='ltr'><em>A</em></span> <span class='ocrx_word' id='word_1_220' title='bbox 1536 2117 1614 2146; x_wconf 85' lang='lat' dir='ltr'>mihi</span> 
     </span>
     <span class='ocr_line' id='line_1_32' title="bbox 287 2157 1613 2199; baseline 0.002 -12"><span class='ocrx_word' id='word_1_221' title='bbox 287 2157 414 2188; x_wconf 78' lang='lat' dir='ltr'>Burer:</span> <span class='ocrx_word' id='word_1_222' title='bbox 438 2157 532 2188; x_wconf 90' lang='lat' dir='ltr'>militi</span> <span class='ocrx_word' id='word_1_223' title='bbox 549 2157 619 2187; x_wconf 85' lang='grc' dir='ltr'>ΑΡ</span> <span class='ocrx_word' id='word_1_224' title='bbox 727 2168 744 2196; x_wconf 91' lang='lat'><strong>7</strong></span> <span class='ocrx_word' id='word_1_225' title='bbox 770 2159 910 2197; x_wconf 72' lang='lat' dir='ltr'>pcipuos</span> <span class='ocrx_word' id='word_1_226' title='bbox 927 2159 1163 2198; x_wconf 86' lang='lat' dir='ltr'>precipuisque</span> <span class='ocrx_word' id='word_1_227' title='bbox 1178 2160 1211 2188; x_wconf 85' lang='lat' dir='ltr'><em>A</em></span> <span class='ocrx_word' id='word_1_228' title='bbox 1327 2171 1348 2199; x_wconf 87' lang='grc'>9</span> <span class='ocrx_word' id='word_1_229' title='bbox 1371 2160 1444 2190; x_wconf 89' lang='lat' dir='ltr'>Tib.</span> <span class='ocrx_word' id='word_1_230' title='bbox 1461 2159 1512 2190; x_wconf 86' lang='lat' dir='ltr'>P:</span> <span class='ocrx_word' id='word_1_231' title='bbox 1537 2160 1564 2189; x_wconf 88' lang='lat' dir='ltr'>T</span> <span class='ocrx_word' id='word_1_232' title='bbox 1580 2160 1613 2189; x_wconf 90' lang='lat' dir='ltr'><em>A</em></span> 
     </span>
     <span class='ocr_line' id='line_1_33' title="bbox 292 2201 1615 2242; baseline 0.002 -11"><span class='ocrx_word' id='word_1_233' title='bbox 292 2212 330 2241; x_wconf 84' lang='lat'>13</span> <span class='ocrx_word' id='word_1_234' title='bbox 354 2202 548 2240; x_wconf 87' lang='lat' dir='ltr'>praeposito</span> <span class='ocrx_word' id='word_1_235' title='bbox 563 2201 593 2231; x_wconf 88' lang='lat' dir='ltr'>ei</span> <span class='ocrx_word' id='word_1_236' title='bbox 609 2201 768 2230; x_wconf 75' lang='lat' dir='ltr'>Heinsius</span> <span class='ocrx_word' id='word_1_237' title='bbox 783 2213 788 2231; x_wconf 96' lang='lat'>:</span> <span class='ocrx_word' id='word_1_238' title='bbox 806 2202 989 2242; x_wconf 86' lang='lat' dir='ltr'>praepositi</span> <span class='ocrx_word' id='word_1_239' title='bbox 1005 2204 1095 2242; x_wconf 81' lang='lat' dir='ltr'>(pro.-</span> <span class='ocrx_word' id='word_1_240' title='bbox 1106 2202 1149 2233; x_wconf 34' lang='lat' dir='ltr'>Pi</span> <span class='ocrx_word' id='word_1_241' title='bbox 1161 2202 1264 2232; x_wconf 84' lang='lat' dir='ltr'>ABP</span> <span class='ocrx_word' id='word_1_242' title='bbox 1353 2212 1390 2241; x_wconf 82' lang='lat'>15</span> <span class='ocrx_word' id='word_1_243' title='bbox 1408 2208 1615 2242; x_wconf 83' lang='lat' dir='ltr'>praetorum-</span> 
     </span>
     <span class='ocr_line' id='line_1_34' title="bbox 289 2245 1615 2285; baseline 0.002 -11"><span class='ocrx_word' id='word_1_244' title='bbox 289 2255 354 2284; x_wconf 89' lang='lat' dir='ltr'>que</span> <span class='ocrx_word' id='word_1_245' title='bbox 367 2250 524 2285; x_wconf 78' lang='lat' dir='ltr'>sztpmscr.</span> <span class='ocrx_word' id='word_1_246' title='bbox 541 2245 809 2282; x_wconf 82' lang='lat' dir='ltr'>Rhaetorumque</span> <span class='ocrx_word' id='word_1_247' title='bbox 821 2246 853 2275; x_wconf 92' lang='lat' dir='ltr'><em>A</em></span> <span class='ocrx_word' id='word_1_248' title='bbox 948 2256 985 2285; x_wconf 84' lang='lat'>17</span> <span class='ocrx_word' id='word_1_249' title='bbox 1003 2246 1126 2276; x_wconf 85' lang='lat' dir='ltr'>trienni</span> <span class='ocrx_word' id='word_1_250' title='bbox 1140 2247 1172 2276; x_wconf 88' lang='lat' dir='ltr'><em>A</em></span> <span class='ocrx_word' id='word_1_251' title='bbox 1190 2258 1197 2276; x_wconf 71' lang='grc' dir='ltr'><em>ι</em></span> <span class='ocrx_word' id='word_1_252' title='bbox 1221 2247 1355 2276; x_wconf 86' lang='lat' dir='ltr'>triennii</span> <span class='ocrx_word' id='word_1_253' title='bbox 1372 2246 1406 2275; x_wconf 87' lang='grc' dir='ltr'><em>Ρ</em></span> <span class='ocrx_word' id='word_1_254' title='bbox 1492 2248 1530 2277; x_wconf 88' lang='lat'>18</span> <span class='ocrx_word' id='word_1_255' title='bbox 1554 2247 1615 2276; x_wconf 89' lang='lat' dir='ltr'>sub</span> 
     </span>
     <span class='ocr_line' id='line_1_35' title="bbox 289 2288 1616 2329; baseline 0.001 -10"><span class='ocrx_word' id='word_1_256' title='bbox 289 2288 322 2318; x_wconf 86' lang='lat' dir='ltr'><em>P</em></span> <span class='ocrx_word' id='word_1_257' title='bbox 333 2300 338 2319; x_wconf 84' lang='lat' dir='ltr'>z</span> <span class='ocrx_word' id='word_1_258' title='bbox 351 2288 541 2328; x_wconf 52' lang='lat' dir='ltr'>asupmscr.</span> <span class='ocrx_word' id='word_1_259' title='bbox 555 2288 658 2318; x_wconf 88' lang='lat' dir='ltr'>subA</span> <span class='ocrx_word' id='word_1_260' title='bbox 753 2299 791 2327; x_wconf 88' lang='lat'>19</span> <span class='ocrx_word' id='word_1_261' title='bbox 815 2295 1013 2328; x_wconf 83' lang='lat' dir='ltr'>exspectato</span> <span class='ocrx_word' id='word_1_262' title='bbox 1025 2290 1120 2320; x_wconf 83' lang='lat' dir='ltr'>ocius</span> <span class='ocrx_word' id='word_1_263' title='bbox 1130 2289 1238 2319; x_wconf 80' lang='lat' dir='ltr'>Halm</span> <span class='ocrx_word' id='word_1_264' title='bbox 1253 2301 1260 2320; x_wconf 75' lang='lat' dir='ltr'><em>z</em></span> <span class='ocrx_word' id='word_1_265' title='bbox 1285 2291 1386 2320; x_wconf 84' lang='lat' dir='ltr'>totius</span> <span class='ocrx_word' id='word_1_266' title='bbox 1397 2289 1462 2319; x_wconf 84' lang='lat' dir='ltr'>BA</span> <span class='ocrx_word' id='word_1_267' title='bbox 1480 2301 1486 2320; x_wconf 94' lang='lat'><strong>:</strong></span> <span class='ocrx_word' id='word_1_268' title='bbox 1510 2300 1616 2329; x_wconf 85' lang='lat' dir='ltr'>ocyus</span> 
     </span>
     <span class='ocr_line' id='line_1_36' title="bbox 289 2331 1617 2372; baseline 0.001 -10"><span class='ocrx_word' id='word_1_269' title='bbox 289 2331 341 2362; x_wconf 88' lang='lat' dir='ltr'>P:</span> <span class='ocrx_word' id='word_1_270' title='bbox 383 2337 461 2362; x_wconf 81' lang='lat' dir='ltr'>uoto</span> <span class='ocrx_word' id='word_1_271' title='bbox 488 2333 582 2362; x_wconf 86' lang='lat' dir='ltr'>ocius</span> <span class='ocrx_word' id='word_1_272' title='bbox 607 2331 804 2363; x_wconf 76' lang='lat' dir='ltr'>Burmann:</span> <span class='ocrx_word' id='word_1_273' title='bbox 848 2333 973 2363; x_wconf 85' lang='lat' dir='ltr'>totiens</span> <span class='ocrx_word' id='word_1_274' title='bbox 998 2332 1207 2363; x_wconf 64' lang='lat' dir='ltr'>Perizonius:</span> <span class='ocrx_word' id='word_1_275' title='bbox 1240 2333 1384 2372; x_wconf 75' lang='lat' dir='ltr'>sortasse</span> <span class='ocrx_word' id='word_1_276' title='bbox 1413 2338 1493 2363; x_wconf 88' lang='lat' dir='ltr'>uoto</span> <span class='ocrx_word' id='word_1_277' title='bbox 1520 2334 1617 2363; x_wconf 88' lang='lat' dir='ltr'>citius</span> 
     </span>
     <span class='ocr_line' id='line_1_37' title="bbox 292 2375 1618 2416; baseline 0.002 -12"><span class='ocrx_word' id='word_1_278' title='bbox 292 2376 355 2405; x_wconf 81' lang='lat' dir='ltr'>m&#39;sz&#39;</span> <span class='ocrx_word' id='word_1_279' title='bbox 383 2376 434 2405; x_wconf 83' lang='lat' dir='ltr'>cui</span> <span class='ocrx_word' id='word_1_280' title='bbox 452 2375 698 2415; x_wconf 50' lang='lat' dir='ltr'>prae-’ferendum</span> <span class='ocrx_word' id='word_1_281' title='bbox 732 2376 891 2406; x_wconf 70' lang='lat' dir='ltr'>uidebitur</span> <span class='ocrx_word' id='word_1_282' title='bbox 912 2376 1002 2416; x_wconf 79' lang='lat' dir='ltr'>quod</span> <span class='ocrx_word' id='word_1_283' title='bbox 1029 2376 1159 2406; x_wconf 71' lang='lat' dir='ltr'>scriner</span> <span class='ocrx_word' id='word_1_284' title='bbox 1185 2377 1261 2408; x_wconf 83' lang='lat' dir='ltr'>coni.</span> <span class='ocrx_word' id='word_1_285' title='bbox 1295 2377 1415 2407; x_wconf 85' lang='lat' dir='ltr'>tertius</span> <span class='ocrx_word' id='word_1_286' title='bbox 1576 2387 1618 2407; x_wconf 87' lang='lat'>20</span> 
     </span>
     <span class='ocr_line' id='line_1_38' title="bbox 292 2418 1613 2458; baseline 0.001 -10"><span class='ocrx_word' id='word_1_287' title='bbox 292 2419 495 2458; x_wconf 89' lang='lat' dir='ltr'>triumphurn</span> <span class='ocrx_word' id='word_1_288' title='bbox 515 2418 590 2456; x_wconf 80' lang='lat' dir='ltr'>AF,</span> <span class='ocrx_word' id='word_1_289' title='bbox 609 2430 669 2450; x_wconf 80' lang='lat' dir='ltr'>em.</span> <span class='ocrx_word' id='word_1_290' title='bbox 687 2420 845 2450; x_wconf 78' lang='lat' dir='ltr'>Heinsius</span> <span class='ocrx_word' id='word_1_291' title='bbox 933 2421 1090 2450; x_wconf 77' lang='lat' dir='ltr'>adornari</span> <span class='ocrx_word' id='word_1_292' title='bbox 1110 2419 1175 2449; x_wconf 76' lang='lat' dir='ltr'>BA</span> <span class='ocrx_word' id='word_1_293' title='bbox 1194 2432 1201 2449; x_wconf 90' lang='lat'>:</span> <span class='ocrx_word' id='word_1_294' title='bbox 1235 2421 1399 2450; x_wconf 86' lang='lat' dir='ltr'>adornare</span> <span class='ocrx_word' id='word_1_295' title='bbox 1415 2419 1449 2449; x_wconf 89' lang='lat' dir='ltr'><em>P</em></span> <span class='ocrx_word' id='word_1_296' title='bbox 1576 2431 1613 2449; x_wconf 82' lang='lat'>21</span> 
     </span>
     <span class='ocr_line' id='line_1_39' title="bbox 294 2462 1619 2502; baseline 0.002 -10"><span class='ocrx_word' id='word_1_297' title='bbox 294 2462 404 2492; x_wconf 86' lang='lat' dir='ltr'>nescis</span> <span class='ocrx_word' id='word_1_298' title='bbox 420 2462 452 2491; x_wconf 92' lang='lat' dir='ltr'><em>A</em></span> <span class='ocrx_word' id='word_1_299' title='bbox 558 2473 598 2492; x_wconf 87' lang='lat'>22</span> <span class='ocrx_word' id='word_1_300' title='bbox 623 2468 680 2493; x_wconf 91' lang='lat' dir='ltr'>aut</span> <span class='ocrx_word' id='word_1_301' title='bbox 697 2463 766 2501; x_wconf 63' lang='lat' dir='ltr'>del„</span> <span class='ocrx_word' id='word_1_302' title='bbox 786 2463 857 2493; x_wconf 81' lang='lat' dir='ltr'>dein</span> <span class='ocrx_word' id='word_1_303' title='bbox 874 2474 915 2493; x_wconf 87' lang='lat' dir='ltr'>an</span> <span class='ocrx_word' id='word_1_304' title='bbox 933 2464 965 2493; x_wconf 91' lang='lat' dir='ltr'><em>A</em></span> <span class='ocrx_word' id='word_1_305' title='bbox 1074 2473 1115 2502; x_wconf 86' lang='lat'>25</span> <span class='ocrx_word' id='word_1_306' title='bbox 1141 2463 1228 2494; x_wconf 83' lang='lat' dir='ltr'>Caes.</span> <span class='ocrx_word' id='word_1_307' title='bbox 1247 2464 1279 2493; x_wconf 86' lang='lat' dir='ltr'><em>A</em></span> <span class='ocrx_word' id='word_1_308' title='bbox 1391 2473 1431 2502; x_wconf 87' lang='lat'>27</span> <span class='ocrx_word' id='word_1_309' title='bbox 1456 2463 1619 2494; x_wconf 81' lang='lat' dir='ltr'>firmanda</span> 
     </span>
     <span class='ocr_line' id='line_1_40' title="bbox 293 2505 1444 2546; baseline 0.001 -11"><span class='ocrx_word' id='word_1_310' title='bbox 293 2505 420 2536; x_wconf 67' lang='lat' dir='ltr'>But-er:</span> <span class='ocrx_word' id='word_1_311' title='bbox 443 2506 615 2536; x_wconf 84' lang='lat' dir='ltr'>formanda</span> <span class='ocrx_word' id='word_1_312' title='bbox 631 2506 719 2538; x_wconf 83' lang='lat' dir='ltr'>AP:</span> <span class='ocrx_word' id='word_1_313' title='bbox 733 2507 874 2546; x_wconf 66' lang='lat' dir='ltr'>sonasse</span> <span class='ocrx_word' id='word_1_314' title='bbox 888 2507 1098 2538; x_wconf 77' lang='lat' dir='ltr'>adfirmando</span> <span class='ocrx_word' id='word_1_315' title='bbox 1115 2507 1145 2538; x_wconf 76' lang='lat' dir='ltr'>lz.</span> <span class='ocrx_word' id='word_1_316' title='bbox 1159 2517 1182 2539; x_wconf 83' lang='lat' dir='ltr'>e.</span> <span class='ocrx_word' id='word_1_317' title='bbox 1203 2511 1238 2537; x_wconf 82' lang='lat' dir='ltr'>ut</span> <span class='ocrx_word' id='word_1_318' title='bbox 1254 2507 1444 2546; x_wconf 72' lang='lat' dir='ltr'>adfirmaret</span> 
     </span>
    </p>
   </div>
   <div class='ocr_carea' id='block_1_15' title="bbox 930 2567 990 2599">
    <p class='ocr_par' dir='ltr' id='par_1_16' title="bbox 930 2567 990 2599">
     <span class='ocr_line' id='line_1_41' title="bbox 930 2567 990 2599; baseline 0.033 -2"><span class='ocrx_word' id='word_1_319' title='bbox 930 2567 990 2599; x_wconf 85' lang='lat'>134</span> 
     </span>
    </p>
   </div>
   <div class='ocr_carea' id='block_1_16' title="bbox 1628 923 1665 944">
    <p class='ocr_par' dir='ltr' id='par_1_17' title="bbox 1628 923 1665 944">
     <span class='ocr_line' id='line_1_42' title="bbox 1628 923 1665 944; baseline 0 0"><span class='ocrx_word' id='word_1_320' title='bbox 1628 923 1665 944; x_wconf 92' lang='lat'>10</span> 
     </span>
    </p>
   </div>
  </div>
 </body>
</html>
