1799 2864
649 203 854 241 VELLEI
885 203 1202 243 PATERCVLI

259 321 512 353 conseruatae
546 313 692 363 patriae
725 314 892 364 pretium
926 314 1187 353 calamitatem
1222 313 1310 353 exili
1348 313 1444 352 tulit.
1504 325 1584 351 non

259 386 465 416 caruerunt
485 379 708 428 suspicione
728 379 903 428 oppressi
920 379 1121 419 Ciceronis
1138 381 1281 419 Caesar
1301 386 1339 417 et
1360 378 1582 428 Pompeius.

259 445 336 482 hoc
363 443 435 482 sibi
463 444 700 482 contraxisse
725 444 932 482 uidebatur
959 444 1111 491 Cicero,
1133 445 1242 494 quod
1271 444 1370 482 inter
1396 455 1454 481 xx
1481 443 1585 481 uiros

224 517 241 547 3
259 508 476 547 diuidendo
505 522 597 558 agro
622 510 827 558 Campano
854 522 939 546 esse
965 509 1163 547 noluisset.
1222 509 1327 547 idem
1354 509 1454 547 intra
1480 507 1586 546 bien-

260 573 369 611 nium
408 587 492 612 sera
530 575 601 613 Cn.
644 573 809 622 Pompei
853 586 955 620 cura,
995 587 1132 611 uerum
1171 581 1213 611 ut
1250 574 1380 623 coepit
1422 573 1582 618 intenta,
1605 583 1622 615 5

259 638 440 688 uotisque
473 638 608 676 Italiae
638 651 684 675 ac
715 637 879 676 decretis
911 645 1079 684 senatus,
1111 637 1253 676 uirtute
1282 646 1400 688 atque
1430 637 1585 676 actione

259 702 366 740 Anni
395 702 556 740 Milonis
583 701 728 740 tribuni
754 703 803 751 pl.
827 701 1005 751 dignitati
1034 701 1258 751 patriaeque
1287 703 1484 741 restitutus
1514 709 1581 740 est.

260 781 389 816 neque
426 775 515 816 post
550 766 753 804 Numidici
791 766 948 804 exilium
986 779 1032 804 ac
1069 766 1238 804 reditum
1273 767 1480 816 quisquam
1518 774 1584 804 aut

260 833 442 880 expulsus
472 830 704 868 inuidiosius
730 838 796 868 aut
822 839 1001 880 receptus
1028 839 1087 869 est
1116 831 1276 869 laetius:
1307 831 1416 869 cuius
1441 832 1583 869 domus

259 910 378 946 quam
405 896 543 934 infeste
570 909 592 933 a
613 895 756 935 Clodio
783 895 946 934 disiecta
971 903 1062 943 erat,
1085 904 1164 934 tam
1191 896 1368 946 speciose
1394 909 1417 934 a
1446 902 1583 933 senatu
1605 905 1646 929 10

221 981 241 1011 4
259 961 434 1000 restituta
454 969 521 999 est.
580 960 687 999 idem
712 963 752 999 P.
777 961 941 1000 Clodius
967 961 1007 999 in
1028 965 1200 1001 †senatu
1228 961 1301 999 sub
1328 960 1586 999 honorificen-

259 1026 410 1064 tissimo
431 1025 619 1063 ministeri
642 1025 755 1064 titulo
778 1027 832 1063 M.
858 1026 1052 1065 Catonem
1078 1039 1101 1064 a
1126 1039 1166 1064 re
1193 1025 1351 1075 publica
1377 1024 1585 1074 relegauit:

259 1091 405 1140 quippe
435 1092 560 1140 legem
591 1090 688 1137 tulit,
714 1098 756 1128 ut
785 1090 816 1128 is
846 1098 1029 1139 quaestor
1058 1104 1148 1128 cum
1178 1090 1259 1128 iure
1288 1089 1492 1139 praetorio,
1521 1090 1586 1127 ad-

257 1155 360 1193 iecto
399 1155 515 1193 etiam
547 1162 764 1204 quaestore,
800 1154 1015 1193 mitteretur
1047 1155 1088 1193 in
1121 1155 1288 1193 insulam
1323 1156 1496 1204 Cyprum
1535 1154 1586 1191 ad

259 1220 509 1269 spoliandum
530 1233 649 1269 regno
672 1222 954 1267 Ptolemaeum,
977 1220 1162 1258 omnibus
1187 1233 1340 1258 morum
1367 1219 1470 1258 uitiis
1497 1232 1584 1257 eam
1607 1228 1646 1260 15

222 1305 238 1334 5
259 1285 538 1323 contumeliam
560 1285 752 1323 meritum.
793 1286 863 1323 sed
883 1284 947 1322 ille
968 1285 1041 1322 sub
1061 1286 1276 1323 aduentum
1299 1284 1461 1323 Catonis
1482 1283 1585 1321 uitae

259 1364 351 1388 suae
382 1349 463 1387 uim
494 1350 633 1388 intulit.
692 1351 798 1388 unde
829 1349 1038 1399 pecuniam
1069 1351 1184 1399 longe
1215 1356 1367 1398 sperata
1397 1348 1585 1386 maiorem

260 1416 360 1454 Cato
386 1417 557 1453 Romam
582 1415 750 1453 rettulit:
786 1414 896 1452 cuius
920 1414 1180 1464 integritatem
1210 1413 1359 1452 laudari
1385 1415 1493 1452 nefas
1514 1420 1583 1460 est,

258 1479 467 1518 insolentia
499 1493 624 1529 paene
657 1479 764 1529 argui
797 1487 937 1529 potest,
971 1481 1079 1528 quod
1113 1493 1191 1517 una
1228 1492 1319 1517 cum
1358 1477 1586 1516 consulibus

258 1558 303 1582 ac
333 1552 470 1582 senatu
501 1546 622 1582 effusa
651 1544 808 1582 ciuitate
837 1544 1009 1591 obuiam,
1032 1557 1122 1582 cum
1149 1557 1218 1593 per
1237 1543 1412 1581 Tiberim
1440 1542 1586 1581 subiret
1607 1552 1648 1575 20

259 1608 437 1656 nauibus,
471 1623 551 1647 non
585 1617 676 1647 ante
706 1609 751 1647 iis
786 1622 961 1658 egressus
993 1616 1061 1655 est,
1095 1622 1213 1658 quam
1247 1609 1297 1646 ad
1329 1621 1419 1646 eum
1453 1609 1584 1645 locum

258 1674 447 1723 peruenit,
470 1674 538 1712 ubi
558 1682 638 1712 erat
658 1675 892 1723 exponenda
911 1673 1087 1723 pecunia.

182 1740 238 1787 46
314 1740 416 1777 Cum
447 1739 591 1777 deinde
624 1738 792 1776 inmanis
824 1752 883 1776 res
914 1738 979 1776 uix
1009 1738 1140 1776 multis
1172 1737 1439 1775 uoluminibus
1471 1735 1588 1786 expli-

305 1871 318 1890 1
345 1859 533 1889 calamitate
557 1858 633 1898 ΑΡ,
660 1869 721 1890 em.
742 1858 889 1889 Gelenius
1020 1858 1110 1887 exilii
1128 1856 1199 1886 ΑΡ
1370 1867 1389 1887 2
1413 1856 1532 1895 suspit.
1550 1855 1583 1885 A

257 1914 275 1941 4
301 1903 448 1933 uidendo
479 1903 511 1931 A
647 1912 666 1940 5
690 1907 726 1932 ut
755 1901 866 1941 coepit
898 1901 1066 1932 Gelenius:
1091 1906 1124 1932 et
1151 1901 1241 1939 cupit
1267 1899 1338 1929 ΑΡ
1457 1900 1586 1930 intenta

262 1947 441 1985 Wopkens:
475 1946 609 1976 interita
634 1945 704 1974 ΑΡ
862 1947 883 1974 6
906 1955 944 1975 ac
975 1944 1008 1974 P
1043 1944 1180 1974 secunda
1211 1945 1312 1973 littera
1342 1944 1457 1973 incerta
1485 1944 1518 1973 in
1549 1943 1582 1972 A

1008 1969 1015 1984 7

256 1995 395 2020 sanatus
411 1990 444 2018 A
565 2000 582 2028 7
607 1989 699 2019 Anni
716 1988 788 2018 ΑΡ
872 1988 944 2039 T—R.
964 1988 1029 2018 PL.
1046 1988 1079 2017 A
1170 1988 1333 2025 dignitate
1350 1987 1382 2016 A
1503 1987 1524 2016 8
1547 1997 1585 2017 ac

256 2067 386 2106 scripsi:
410 2071 465 2096 aut
482 2066 552 2095 ΑΡ
656 2075 694 2096 10
718 2041 1059 2105 q-usss-quaq-iflssestae
1076 2075 1175 2103 quam
1194 2064 1314 2094 infeste
1330 2063 1363 2093 A
1385 2063 1455 2102 (sic)
1471 2074 1478 2093 :
1503 2063 1588 2092 unde

256 2111 402 2150 suspicor
421 2111 454 2139 in
472 2109 798 2148 lllm'bacensism'sse
821 2109 975 2148 quamuis
999 2114 1156 2148 suprascr.
1181 2118 1280 2146 quam
1298 2118 1304 2137 z
1324 2108 1404 2146 sort.
1429 2117 1530 2145 quam
1552 2107 1584 2136 ui

256 2164 422 2192 quamque
453 2153 575 2183 infeste
770 2162 803 2182 11
830 2154 862 2182 in
895 2157 1015 2182 senatu
1041 2151 1130 2182 AP:
1164 2152 1196 2181 in
1226 2151 1396 2181 tribunatu
1427 2150 1586 2179 Heinsius

260 2207 298 2227 12
323 2197 497 2227 ministerii
516 2196 604 2226 AP:
629 2195 796 2225 Krilzz‘nm
814 2196 1000 2225 dubitanter
1011 2198 1136 2232 secutus
1151 2205 1228 2224 sum
1385 2204 1423 2232 13
1447 2194 1530 2223 iurae
1548 2193 1580 2222 A

260 2250 295 2279 14
320 2245 480 2279 quaestor
504 2240 715 2270 emitteretur
739 2239 816 2278 ΑΡ,
840 2250 901 2269 em.
930 2240 1077 2269 Gelenius
1241 2248 1278 2277 15
1304 2237 1525 2267 Ptolomaeum
1548 2235 1581 2264 A

260 2294 295 2322 17
321 2288 394 2314 ante
418 2283 529 2314 intulit
556 2293 686 2312 erasnm
713 2286 758 2312 est
784 2283 817 2312 in
842 2283 874 2312 A
903 2283 976 2322 inu,
1002 2281 1088 2311 credo
1115 2292 1154 2311 ex
1182 2282 1268 2311 male
1290 2282 1439 2311 intellecto
1471 2279 1583 2310 intulit

1469 2331 1486 2347 O

261 2371 297 2398 19
320 2366 372 2391 e-st
404 2365 515 2399 potest
542 2360 574 2389 A
606 2359 673 2400 (sic)
765 2359 959 2389 consulibus
976 2358 1034 2388 A:
1059 2358 1184 2389 COSS.
1209 2357 1243 2387 P
1361 2368 1402 2388 20
1425 2356 1532 2387 effusa
1548 2355 1581 2385 A

257 2415 293 2433 21
322 2404 377 2445 iis]
401 2404 428 2434 is
452 2403 522 2433 AF
651 2413 692 2442 23
716 2403 860 2432 inmanis
879 2407 1045 2433 mutatum
1062 2403 1095 2432 in
1111 2412 1187 2432 —nes
1204 2401 1236 2430 A

898 2524 941 2565 64
