1799 2864
123 910 161 931 10

127 1557 166 1578 20

721 207 890 244 LIBER
922 208 962 244 II

182 333 320 369 magna
351 320 504 370 negotia
535 320 682 370 magnis
711 320 954 363 adiutoribus
985 328 1098 369 egent
1125 325 1288 370 †neque
1316 320 1353 358 iu
1385 333 1505 370 paruo

182 384 354 433 paucitas
385 384 596 422 ministeria
625 384 767 422 defecit
782 388 814 431 †‚
838 384 1075 433 interestque
1105 385 1157 422 rei
1188 385 1367 434 publicae
1397 386 1504 434 quod

181 462 252 486 usu
283 448 543 486 necessarium
574 456 642 494 est,
678 448 866 497 dignitate
896 448 1067 486 eminere
1101 448 1386 497 utilitatemque
1417 463 1504 486 auc-

181 512 333 550 toritate
373 512 522 550 muniri.
600 513 673 550 sub
711 512 770 550 his
809 512 995 562 exemplis
1033 512 1091 550 Ti.
1134 514 1278 551 Caesar
1320 513 1541 556 Seianumg,

182 577 349 623 Aelium,
390 576 564 626 principe
598 577 786 626 equestris
821 577 967 615 ordinis
999 585 1107 626 patre
1141 586 1287 623 natum,
1329 585 1505 615 materno

182 655 274 679 uero
308 654 448 690 genere
487 641 717 679 clarissimas
749 650 979 691 ueteresque
1014 650 1051 679 et
1090 641 1251 691 insignis
1290 641 1506 679 honoribus

181 706 430 754 complexum
469 705 643 751 familias,
685 706 895 743 habentem
935 706 1148 743 consularis
1186 707 1330 752 fratres,
1371 719 1507 744 conso-

183 769 325 815 brinos,
361 771 612 816 auunculum,
647 769 774 819 ipsum
814 784 907 808 uero
946 770 1087 808 laboris
1126 784 1171 808 ac
1210 770 1301 808 fidei
1340 770 1508 819 capacis-

182 833 335 880 simum,
367 833 582 871 sufficiente
621 834 737 871 etiam
776 834 898 883 uigori
936 834 1055 872 animi
1094 848 1283 884 compage
1322 834 1504 884 corporis,

182 898 414 947 singularem
450 898 720 947 principalium
755 912 918 936 onerum
952 898 1170 937 adiutorem
1205 899 1244 936 in
1279 899 1411 937 omnia
1445 901 1507 937 ha-

182 962 264 1000 buit
303 971 420 1011 atque
459 963 587 1008 habet,
621 962 746 1000 uirum
778 963 992 1001 seueritatis
1031 963 1273 1010 laetissimae,
1307 963 1544 1007 hilaritatis4

181 1027 340 1076 priscae,
380 1035 468 1064 actu
508 1027 642 1065 otiosis
690 1027 941 1074 simillimum,
983 1027 1077 1064 nihil
1123 1027 1196 1065 sibi
1239 1028 1505 1066 uindicantem

182 1106 308 1141 eoque
338 1093 618 1140 adsequentem
648 1091 790 1138 omnia,
820 1105 1050 1141 semperque
1080 1092 1177 1129 infra
1205 1092 1368 1130 aliorum
1398 1093 1508 1130 aesti-

183 1156 373 1194 mationes
404 1170 444 1194 se
475 1156 712 1203 metientem,
748 1158 858 1194 uultu
893 1157 1051 1206 uitaque
1083 1157 1344 1206 tranquillum,
1376 1158 1508 1196 animo

145 1237 158 1266 .-
182 1234 420 1259 exsomnem.

239 1288 285 1323 In
328 1286 442 1324 huius
490 1286 676 1323 uirtutum
725 1286 994 1324 aestimatione
1042 1285 1118 1323 iam
1167 1286 1316 1335 pridem
1366 1286 1509 1325 iudicia
1527 1290 1597 1327 128

183 1350 350 1388 ciuitatis
382 1364 472 1388 cum
507 1351 659 1388 iudiciis
691 1350 875 1400 principis
908 1359 1080 1397 certant;
1120 1364 1248 1400 neque
1284 1365 1410 1389 nouus
1445 1351 1508 1389 hic

184 1428 269 1453 mos
290 1423 446 1453 senatus
468 1415 681 1464 populique
710 1415 879 1453 Romani
907 1423 964 1452 est
989 1415 1163 1464 putandi,
1187 1417 1294 1464 quod
1315 1415 1506 1465 optimum

184 1479 242 1525 sit,
292 1493 376 1517 esse
424 1479 722 1517 nobilissimum.
793 1493 882 1516 nam
927 1487 964 1517 et
1009 1479 1061 1516 illi
1101 1479 1167 1528 qui
1219 1488 1309 1517 ante
1362 1481 1507 1517 bellum

187 1544 379 1581 Punicum
418 1544 562 1582 abhinc
600 1558 724 1582 annos
763 1556 836 1581 CCC
875 1543 933 1581 Ti.
969 1544 1273 1590 Coruncanium,
1307 1544 1508 1582 hominem

185 1622 345 1655 nouum,
369 1622 458 1646 cum
480 1608 563 1646 aliis
584 1608 768 1646 omnibus
796 1608 1010 1646 honoribus
1038 1616 1120 1646 tum
1142 1608 1371 1658 pontificatu
1393 1609 1507 1647 etiam

231 1722 242 1740 1
269 1711 358 1741 sicA
450 1722 553 1751 parua
584 1711 635 1742 P:
675 1721 784 1750 neque
817 1711 848 1740 in
882 1721 985 1750 paruo
1015 1711 1163 1749 paucitas
1192 1711 1365 1741 ministerii
1398 1712 1510 1741 deficit

190 1755 346 1793 Tlgvsins:
381 1765 490 1793 neque
515 1755 547 1784 in
574 1765 675 1793 parua
700 1765 730 1793 p.
760 1754 934 1784 ministerii
959 1756 1077 1784 sufficit
1101 1754 1275 1793 quvssz'g:
1311 1765 1420 1793 neque
1447 1755 1509 1784 nisi

185 1809 290 1837 paruo
315 1799 465 1837 paucitas
489 1799 651 1828 ministeri
676 1799 797 1828 sufficit
826 1798 1033 1828 Mommsen:
1068 1808 1150 1827 num
1176 1808 1205 1836 p.
1232 1798 1397 1828 ministeri
1423 1799 1510 1828 idem

185 1842 286 1872 fecit?
310 1842 377 1872 l1.e.
397 1852 434 1871 ac
447 1843 596 1881 sz'plurcs
611 1845 711 1871 rssent
807 1852 826 1879 3
852 1847 902 1872 est
919 1841 1083 1870 Ruhnken
1099 1852 1105 1870 :
1139 1851 1157 1870 e
1173 1841 1205 1870 A
1221 1852 1227 1871 :
1254 1847 1287 1871 et
1304 1841 1336 1870 P
1436 1852 1510 1871 auc-

185 1886 342 1915 toritaten
368 1885 424 1916 del.
451 1889 524 1915 unse
547 1886 792 1923 utilitatemque
816 1885 848 1913 A
987 1896 1006 1923 4
1032 1885 1152 1914 muniri
1183 1884 1348 1916 Gelenius:
1382 1885 1509 1914 munire

185 1928 254 1957 ΑΡ
338 1928 492 1958 Tiberius
508 1928 559 1959 P:
584 1929 621 1960 T.
639 1929 684 1967 A⁷
704 1930 778 1958 item
795 1939 816 1960 c.
840 1939 909 1967 129.
930 1938 942 1957 1
1015 1929 1275 1958 Seianumelium
1294 1927 1459 1969 equestriss
1476 1929 1507 1957 A

188 1972 255 2009 (sic)
349 1982 365 2010 7
392 1970 532 2015 familias
549 1973 581 2001 A
616 1973 670 2011 sic)
762 1983 781 2011 9
807 1972 924 2010 uigore
938 1972 970 2000 A
1040 1982 1192 2011 conpage
1206 1972 1237 2000 A
1333 1982 1366 2000 11
1387 1982 1508 2002 saeuer.

185 2015 238 2046 A:
270 2015 413 2053 jarras-se
449 2016 658 2046 serenitatis:
698 2016 891 2045 seueritatis
930 2016 1072 2054 priscae,
1105 2015 1307 2045 laetissimae
1331 2015 1510 2045 hilaritatis

188 2058 385 2088 Cornelissen
520 2069 557 2088 12
582 2060 665 2089 uitio
682 2059 750 2097 defi,
771 2059 841 2088 dein
860 2059 975 2089 otiosis
993 2059 1025 2088 A
1117 2058 1307 2088 similimum
1325 2058 1357 2087 A
1473 2069 1510 2097 13

249 2101 280 2126 „d

187 2110 249 2173 eogf
288 2135 320 2163 A
343 2135 411 2173 (sic)
525 2146 725 2175 semperque
742 2135 829 2167 BA:
865 2146 1000 2174 semper
1016 2135 1049 2165 P
1185 2146 1218 2173 14
1246 2146 1283 2165 se
1316 2136 1509 2165 metientem

187 2178 234 2209 P:
260 2179 470 2208 sencientem
495 2179 527 2208 A
666 2190 702 2217 15
727 2190 770 2209 ex
795 2190 926 2209 omnem
945 2179 977 2208 A
1115 2180 1153 2208 16
1177 2180 1333 2209 uirtutem
1358 2185 1510 2208 aestima-

187 2222 313 2251 tionem
330 2221 383 2252 B:
410 2222 506 2252 huius
524 2223 586 2253 uiri
605 2223 764 2253 uirtutum
776 2222 939 2252 Ruhnken
1076 2232 1114 2261 19
1137 2223 1192 2261 qui
1210 2222 1303 2262 ante]
1320 2221 1415 2261 primi
1433 2227 1510 2251 ante

185 2265 308 2295 bellum
324 2266 377 2296 A:
403 2266 531 2304 antiqui
557 2272 634 2297 ante
659 2267 801 2305 primum
825 2266 946 2296 bellum
971 2266 1022 2297 P:
1046 2265 1132 2295 Puto
1150 2277 1189 2295 ex
1207 2266 1263 2304 qui
1286 2265 1511 2304 antefactum

187 2319 250 2338 esse
273 2309 398 2338 turbato
426 2309 536 2339 ordine
553 2311 704 2349 primum
738 2315 815 2340 ante
848 2310 912 2348 qui,
944 2321 1023 2339 mox
1044 2310 1172 2347 antiqui
1392 2319 1434 2338 20
1457 2309 1506 2339 T1.

187 2352 434 2382 Coruncanium
459 2352 529 2382 AB
560 2358 640 2393 recte,
670 2354 706 2392 cs.
729 2353 788 2384 Cic.
811 2358 872 2392 pro
899 2352 995 2383 Sulla
1019 2353 1073 2383 vii.
1095 2363 1158 2391 233
1195 2351 1270 2383 Lm.
1298 2352 1382 2391 Epst.
1407 2352 1510 2382 xviii:

187 2395 224 2426 T.
259 2396 492 2426 Coruncanum
524 2396 557 2426 P
681 2407 718 2426 21
747 2397 932 2427 honoribus
963 2396 1192 2436 pontificatum
1212 2406 1291 2436 gom.
1311 2395 1442 2435 tum)A

817 2535 877 2569 139
