1799 2864
479 241 539 278 IN
568 239 859 277 VELLEIVM
890 239 1271 277 PATERCVLVM

213 351 430 391 securitatis,
461 349 591 383 eodem
624 354 810 392 postremo
844 348 1028 381 reuolutus
1069 354 1134 382 est.
1186 346 1404 381 Insolentius
1445 346 1534 379 hoc:

215 414 334 452 potest
368 414 492 441 tamen
525 412 665 439 rectum
698 404 811 438 uideri
847 404 875 438 si
915 404 1098 448 duplicem
1137 405 1344 448 genetiuum
1385 402 1535 437 consilio

217 466 429 499 Paterculus
449 464 498 498 sic
518 463 628 498 iunxit
646 470 684 497 ut
703 462 968 496 adsonantibus
988 462 1080 496 inter
1104 474 1141 496 se
1159 463 1385 496 calamitatis
1401 462 1534 495 securi-

213 525 304 557 tatis
321 523 438 565 magis
457 533 539 556 cum
553 521 720 565 emphasi
746 520 892 555 caderet
920 520 954 553 in
981 519 1077 553 auris
1097 520 1287 554 sententia.
1327 519 1462 553 Similis
1480 526 1534 552 est

214 581 314 614 locus
333 580 352 614 i.
372 589 402 622 3.
419 589 436 612 2
448 580 571 612 omnia
584 579 649 612 sul)
661 590 786 611 earum
804 578 991 622 (persona)
1006 578 1073 621 qui
1088 577 1153 610 illo
1170 580 1328 621 tempore
1346 578 1535 618 mli-erma,

212 639 397 672 (laverunt.
449 637 522 671 Cic.
549 637 633 671 del.
652 648 728 680 agr.
748 636 779 671 ii.
797 637 841 670 68
867 637 1038 669 continuo
1063 637 1131 679 qui
1152 647 1263 679 agros
1282 635 1447 679 publicas
1470 637 1538 667 aut

212 698 281 740 qui
298 697 537 740 possessiones
561 695 765 729 z'nuidiasas
788 695 965 737 tenebant,
985 694 1269 728 extimescebam.
1322 694 1405 726 Hoc
1431 692 1537 735 igitur

213 754 317 788 dicit:
344 755 568 787 calamitatis
581 753 684 798 freq.
709 754 860 786 initium
878 763 951 785 esse
977 751 1012 785 in
1038 751 1242 792 securitate,
1270 751 1338 793 uel,
1358 763 1379 784 a
1400 749 1535 784 securi-

213 811 297 846 tatis
327 810 426 845 initio
456 810 548 854 (h.e.
574 821 595 844 a
622 809 815 844 securitate
842 816 1032 854 tamquam
1066 808 1181 852 initio)
1219 808 1433 852 plerumque
1460 806 1536 841 fieri

211 869 350 903 initium
368 867 594 903 calamitatis.

260 928 317 961 118
336 936 358 968 4
384 926 419 960 id
437 927 537 959 Varo
556 937 620 969 per
644 925 761 959 uirum
779 925 855 958 eius
880 923 1000 968 gentis
1027 924 1172 958 fidelem
1196 923 1354 968 clarique
1378 922 1536 956 nominis

214 986 391 1028 Segesten
431 983 609 1017 indicatur
643 982 852 1027 postulabat
883 981 993 1016 etiam
1022 982 1097 1015 fata
1128 980 1285 1015 consiliis
1316 992 1537 1024 omnemque

214 1041 323 1075 animi
363 1041 440 1075 eius
479 1040 594 1074 aciem
629 1047 898 1084 praestruxerat
937 1039 1069 1083 quippe
1103 1039 1152 1072 ita
1186 1051 1224 1073 se
1259 1050 1316 1072 res
1354 1038 1464 1072 habet
1499 1045 1538 1071 ut

214 1100 428 1144 plerumque
463 1098 522 1143 qui
554 1099 739 1132 fortunam
770 1097 973 1131 imitaturus
1007 1097 1097 1131 deus
1138 1096 1286 1130 consilia
1327 1103 1537 1140 corrumpat

215 1157 418 1201 efficiatque
437 1156 534 1200 quod
553 1155 794 1189 miserrimum
814 1161 868 1189 est
887 1161 924 1188 ut
943 1154 1042 1199 quod
1066 1154 1198 1188 accidit
1216 1161 1251 1188 et
1275 1154 1383 1188 etiam
1408 1153 1538 1187 merito

214 1214 390 1248 accidisse
409 1214 573 1248 uideatur
589 1220 623 1247 et
642 1224 748 1247 casus
767 1212 802 1246 in
821 1212 966 1256 culpam
984 1218 1157 1246 transeat.
1176 1212 1224 1246 A.

260 1278 462 1305 mutaturus
487 1272 532 1305 P.
628 1277 662 1304 et
691 1274 776 1303 aute
804 1269 913 1303 etiam
937 1281 1003 1304 om.
1030 1270 1074 1310 P,
1093 1270 1220 1302 Burcr
1242 1269 1439 1302 adnotauit
1465 1269 1540 1303 ‘ex.

215 1337 285 1364 uet.
305 1330 413 1363 habet
441 1336 475 1363 et
500 1329 609 1363 etiam
636 1328 765 1362 merito
783 1327 967 1370 accidisse,
987 1328 1052 1362 Sec.
1070 1339 1139 1371 ego
1165 1327 1361 1371 legendum
1388 1334 1476 1371 puto
1502 1326 1537 1360 id

214 1388 342 1423 etiam.²
440 1387 474 1421 in
492 1388 599 1431 culpa
615 1387 750 1421 Burer.

262 1446 348 1479 Post
358 1445 574 1489 postulabat
589 1446 699 1477 etiam
723 1443 931 1477 exciderunt
957 1443 1144 1484 nonnulla,
1163 1454 1257 1487 quae
1276 1454 1319 1476 ex
1338 1444 1427 1477 Tac.
1441 1443 1540 1477 Ann.

213 1503 233 1537 i.
254 1504 296 1547 58
326 1504 361 1537 Α
367 1504 545 1536 rmz'nium
576 1502 681 1546 apud
716 1502 863 1541 Varum,
891 1502 960 1544 qui
983 1505 1062 1534 tum
1097 1502 1276 1534 exercitui
1297 1501 1539 1544 praesidebat,

215 1573 317 1595 reum
339 1561 429 1606 feci.
477 1561 618 1594 dilatus
659 1561 816 1605 segnitia
849 1559 963 1601 ducis,
996 1560 1085 1602 quia
1112 1562 1254 1603 parum
1280 1559 1469 1603 praesidii
1499 1560 1539 1592 in

214 1620 352 1664 legibus
375 1622 465 1659 erat,
493 1623 535 1652 ut
558 1629 614 1651 me
637 1622 671 1651 et
688 1618 907 1651 Arminium
933 1621 967 1649 et
990 1619 1146 1651 conscios
1171 1618 1329 1650 uinciret
1339 1617 1541 1661 flagitans,

215 1677 265 1711 sic
290 1683 442 1721 possunt
471 1675 631 1720 suppleri
664 1674 820 1719 [uinciri
850 1676 1014 1709 conscios.
1044 1673 1110 1707 sed
1134 1675 1402 1718 praeludebant
1433 1673 1541 1717 iam]‚

214 1746 258 1768 ex
287 1734 417 1778 quibus
445 1733 570 1767 ultima
596 1733 664 1767 tria
689 1731 759 1766 iam
787 1731 960 1766 Gelenius
986 1731 1149 1766 ediderat
1176 1731 1211 1765 in
1238 1732 1295 1766 ed.
1323 1731 1409 1766 anni
1439 1732 1539 1775 1546,

207 1794 497 1836 praestruxerat
513 1791 610 1824 idem
630 1789 804 1825 Gelenius
824 1789 975 1823 correxit
996 1789 1030 1822 in
1042 1791 1384 1833 praestrinxerant.

265 1851 306 1883 In
333 1849 568 1894 sequentibus
594 1847 795 1882 Thomasio
821 1847 1019 1889 adsentior,
1046 1851 1081 1881 et
1104 1849 1215 1881 etiam
1235 1847 1269 1881 in
1302 1848 1540 1881 Murbacensi

215 1908 325 1942 fuisse
344 1919 427 1942 cum
440 1907 550 1941 etiam
571 1909 685 1941 Burer
704 1913 866 1947 testetur,
881 1910 916 1939 et
926 1917 1000 1940 non
1014 1917 1095 1940 esse
1110 1905 1393 1949 neglegendum,
1409 1917 1540 1950 quam-

215 1967 269 2000 uis
288 1967 323 2000 in
342 1963 453 1999 dubio
476 1965 519 1999 sit
543 1977 587 1999 ex
611 1976 684 2009 quo
707 1971 917 2008 corruptum
942 1964 1056 1998 fuerit.
1094 1963 1252 1998 Kritzius
1278 1975 1343 2008 pro
1367 1975 1411 1997 eo
1429 1963 1542 1998 edidit

215 2026 268 2059 ei:
285 2024 392 2058 nimis
407 2024 532 2068 opinor
545 2023 684 2067 frigide.
712 2023 830 2057 Multo
844 2022 1065 2066 probabilius
1080 2023 1196 2056 Burer
1207 2022 1251 2055 ia'
1260 2022 1362 2063 coni„
1378 2034 1445 2056 nec
1460 2034 1541 2056 raro

216 2087 251 2116 et
266 2083 309 2116 id
323 2083 564 2116 confuderunt
582 2081 715 2116 librarii
735 2081 911 2115 codicum.
964 2081 1037 2115 Sed
1055 2081 1158 2115 aliter
1181 2080 1444 2125 expediendam
1464 2092 1541 2114 rem

218 2141 348 2174 credo:
384 2139 571 2184 scripsisse
600 2139 697 2174 enim
729 2139 961 2173 Paterculum
994 2139 1204 2183 efficiatque,
1238 2138 1353 2182 (quod
1375 2139 1540 2171 miserri-

217 2210 316 2232 mum
335 2197 412 2241 est,)
432 2198 533 2241 quod
546 2197 679 2231 acddz't
696 2201 738 2230 ut
754 2198 864 2231 etiam
883 2198 1012 2230 merito
1030 2197 1200 2231 accidisse
1218 2196 1400 2229 uideatur.
1441 2196 1540 2228 Nam

218 2256 329 2290 inlato
349 2262 429 2300 post
448 2255 638 2289 relatiuum
657 2256 817 2297 demum,
838 2261 875 2288 ut
895 2255 944 2297 fit,
965 2258 1016 2296 ut,
1036 2254 1119 2299 quia
1138 2253 1350 2287 insolentius
1368 2253 1403 2286 id
1422 2252 1540 2286 uisum

217 2321 284 2356 est,
305 2312 527 2357 transposita
545 2312 720 2357 particula
734 2319 820 2347 ante
838 2311 1041 2355 relatiuum,
1062 2319 1197 2352 tamen,
1213 2311 1272 2345 ubi
1291 2318 1387 2345 stare
1406 2311 1543 2344 debue-

218 2378 283 2414 rat,
306 2369 481 2415 superfuit
508 2370 584 2404 eius
610 2370 814 2414 uestigium,
840 2370 1052 2414 factumque
1077 2376 1132 2403 est
1157 2381 1200 2403 ex
1225 2369 1326 2413 quod
1344 2368 1477 2402 accidit
1501 2373 1547 2402 ut

217 2431 326 2464 etiam
345 2430 416 2462 hoc
434 2428 533 2473 quod
552 2427 687 2462 scimus
706 2427 740 2461 in
762 2427 883 2462 Murb.
900 2426 1011 2461 fuisse
1031 2431 1072 2460 ut
1088 2427 1190 2471 quod
1203 2426 1335 2460 accidit
1351 2430 1386 2459 et
1401 2427 1523 2459 etiam.

268 2489 309 2521 In
329 2486 395 2521 illis
414 2488 482 2530 qui
485 2487 688 2531 fortunam
706 2488 926 2520 im.'taturus
942 2485 1040 2527 deus,
1061 2484 1165 2519 solito
1184 2496 1305 2519 errore
1323 2485 1545 2518 imitaturus

854 2552 911 2592 185
