1799 2864
140 901 178 923 10

142 1221 176 1251 15

138 1546 178 1567 20

137 1870 174 1900 25

732 207 901 243 LIBER
933 208 973 244 II

202 303 304 341 bello
351 303 564 353 subegerat,
605 316 844 352 prosequens
891 317 980 341 eum
1029 304 1222 354 simulque
1270 306 1518 345 interfuturus

199 369 429 405 athletarum
460 366 680 405 certaminis
712 366 872 413 ludicro,
904 369 1012 416 quod
1046 368 1128 406 eius
1158 370 1295 408 honori
1326 380 1517 409 sacratum

199 445 221 469 a
255 431 523 480 Neapolitanis
557 439 625 477 est,
658 431 845 480 processit
879 431 917 468 in
953 433 1221 481 Campaniam.
1281 448 1518 484 quamquam

200 496 275 533 iam
305 504 434 533 motus
464 495 724 533 inbecillitatis
754 495 1040 545 inclinataeque
1071 497 1108 534 in
1134 498 1302 536 deterius
1333 500 1520 550 principia

199 560 433 598 ualetudinis
465 568 646 606 senserat,
680 569 810 598 tamen
842 561 1045 599 obnitente
1074 562 1112 599 ui
1142 563 1260 600 animi
1292 574 1519 612 prosecutus

199 625 320 662 filium
341 624 614 674 digressusque
633 625 684 662 ab
705 638 752 663 eo
780 626 997 663 Beneuenti
1025 626 1106 675 ipse
1138 629 1280 665 Nolam
1312 628 1443 677 petiit:
1482 638 1519 667 et

199 689 491 738 ingrauescente
522 689 561 726 in
596 689 678 727 dies
713 689 948 736 ualetudine,
981 704 1070 728 cum
1101 690 1225 737 sciret,
1257 692 1343 740 quis
1372 693 1518 730 uolenti

198 753 331 791 omnia
350 761 438 802 post
458 766 499 791 se
526 755 632 791 salua
662 767 860 792 remanere
886 756 1144 793 accersendus
1164 757 1273 802 foret,
1296 756 1521 795 festinanter

198 817 396 855 reuocauit
417 817 537 855 filium
557 833 567 865 ,-
596 818 658 855 ille
678 820 728 856 ad
749 827 897 868 patrem
924 819 1068 868 patriae
1098 828 1301 869 expectato
1331 822 1520 859 reuolauit

198 882 394 920 maturius.
454 890 535 920 tum
575 896 753 920 securum
786 897 826 921 se
857 886 1055 932 Augustus
1094 885 1322 934 praedicans
1361 885 1555 926 circum-2

197 949 383 997 fususque
403 948 646 997 amplexibus
667 948 799 986 Tiberi
821 948 889 994 sui,
913 951 1195 987 commendans
1222 950 1276 987 illi
1305 964 1375 988 sua
1403 959 1520 1000 atque

197 1012 316 1062 ipsius
344 1026 462 1061 opera
491 1026 563 1050 nec
593 1012 808 1061 quidquam
839 1012 915 1050 iam
945 1014 995 1050 de
1022 1015 1109 1059 fine,
1133 1013 1163 1051 si
1195 1016 1272 1052 fata
1301 1024 1517 1064 poscerent,

198 1091 390 1124 recusans,
414 1078 654 1115 subrefectus
676 1077 800 1126 primo
822 1085 1035 1126 conspectu
1062 1078 1313 1128 alloquioque
1335 1079 1519 1117 carissimi

197 1141 271 1179 sibi
292 1141 456 1190 spiritus,
481 1155 581 1187 mox,
605 1155 693 1179 cum
716 1155 875 1179 omnem
897 1155 1029 1179 curam
1054 1143 1131 1180 fata
1151 1142 1363 1190 uincerent,
1386 1143 1425 1181 in
1452 1157 1521 1181 sua

198 1208 388 1244 resolutus
409 1206 517 1243 initia
531 1206 720 1255 Pompeio
734 1206 981 1255 Apuleioque
995 1207 1221 1245 consulibus
1235 1208 1521 1257 septuagesimo

197 1279 234 1309 et
255 1280 363 1309 sexto
383 1285 488 1309 anno
508 1271 678 1308 animam
701 1273 907 1309 caelestem
929 1273 1004 1309 deo
1026 1271 1205 1310 reddidit.

252 1336 359 1385 Quid
398 1345 491 1374 tunc
526 1336 704 1374 homines
736 1336 944 1382 timuerint,
979 1350 1078 1385 quae
1112 1345 1268 1375 senatus
1300 1337 1518 1387 trepidatio,
1539 1353 1608 1390 124

197 1415 297 1450 quae
318 1401 452 1450 populi
474 1400 663 1446 confusio,
686 1400 771 1449 quis
793 1400 897 1438 urbis
919 1409 1056 1446 metus,
1079 1400 1117 1438 in
1145 1414 1262 1450 quam
1284 1410 1366 1440 arto
1387 1402 1519 1440 salutis

197 1466 365 1514 exitique
395 1464 580 1502 fuerimus
610 1464 793 1510 confinio,
828 1478 956 1513 neque
995 1464 1088 1502 mihi
1125 1473 1202 1502 tam
1235 1465 1431 1503 festinanti
1461 1480 1520 1504 ex-

196 1530 360 1579 primere
405 1537 517 1566 uacat
563 1542 690 1578 neque
729 1528 790 1566 cui
829 1537 942 1566 uacat
980 1537 1118 1578 potest.
1178 1529 1216 1567 id
1256 1532 1382 1567 solum
1421 1544 1520 1569 uoce

196 1594 352 1643 publica
372 1593 513 1632 dixisse
533 1594 627 1630 satis
647 1593 774 1630 habeo
791 1608 797 1630 :
828 1592 937 1630 cuius
958 1593 1061 1631 orbis
1083 1593 1233 1631 ruinam
1254 1594 1517 1641 timueramus,

195 1672 285 1696 eum
313 1672 362 1696 ne
392 1666 634 1696 commotum
665 1657 824 1706 quidem
855 1657 1058 1704 sensimus,
1090 1666 1275 1707 tantaque
1305 1658 1419 1696 unius
1450 1659 1519 1696 uiri

196 1723 376 1761 maiestas
397 1722 478 1769 fuit,
501 1730 542 1759 ut
564 1735 636 1760 nec
659 1736 676 1756 *
700 1721 814 1759 bonis
835 1735 964 1770 neque
985 1730 1120 1760 contra
1140 1724 1262 1761 malos
1284 1736 1382 1772 opus
1403 1723 1518 1761 armis

195 1789 302 1825 foret.
361 1801 439 1824 una
477 1794 607 1824 tamen
646 1786 767 1824 ueluti
799 1786 958 1824 luctatio
992 1786 1159 1824 ciuitatis
1193 1787 1274 1833 fuit,
1310 1787 1518 1836 pugnantis
1540 1805 1553 1825 2

195 1866 285 1890 cum
307 1853 472 1890 Caesare
493 1859 649 1889 senatus
670 1850 884 1900 populique
906 1850 1088 1897 Romani,
1107 1859 1149 1889 ut
1164 1851 1320 1889 stationi
1336 1860 1519 1900 paternae

243 1966 255 1984 1
283 1965 428 1993 eumque
453 1955 550 1984 simul
575 1955 607 1983 A
764 1965 782 1983 2
808 1954 982 1984 certamini
1010 1954 1164 1984 Cellam'ns
1316 1966 1335 1992 4
1360 1955 1435 1985 imb.
1455 1955 1525 1984 AF

196 2000 215 2029 8
241 2004 317 2037 post
339 2009 376 2028 se
396 1997 447 2028 P:
472 2008 572 2036 posse
589 1997 622 2026 A
734 1999 973 2027 accersendum
992 1998 1024 2027 A
1133 2008 1167 2027 11
1195 1998 1307 2027 Tiberi
1325 1998 1375 2027 P:
1398 1998 1519 2028 Tiberii

196 2054 228 2082 A
397 2061 434 2090 15
458 2052 657 2091 Appuleioq.
678 2052 834 2091 quvssz‘g
920 2053 1020 2083 COS.
1038 2052 1070 2081 A
1087 2063 1094 2082 t
1128 2052 1228 2083 COS.
1246 2052 1329 2082 PB:
1367 2053 1445 2090 ‘pro
1464 2063 1522 2082 cos

196 2097 361 2126 scribatur
372 2095 508 2126 COSS.'
526 2095 634 2124 Bur-er
733 2097 770 2124 16
794 2101 827 2125 et
844 2107 908 2126 om.
924 2096 963 2133 P,
976 2096 1068 2125 lmbel
1079 2096 1111 2125 A
1126 2107 1131 2127 :
1161 2098 1168 2112 ⁴
1181 2096 1416 2125 Amerbaclzins
1430 2101 1520 2135 copu-

197 2141 275 2174 lant,
295 2151 315 2169 (ι
332 2139 492 2169 Rlu’nam)
508 2139 677 2168 omissam.
695 2150 760 2168 non
778 2139 814 2168 de
828 2150 888 2168 sno
904 2139 1070 2177 addidisse,
1089 2139 1146 2169 sed
1159 2140 1190 2169 iu
1208 2139 1304 2168 codicn
1319 2139 1525 2169 Illurhacensz'

197 2183 356 2213 innem'sse
372 2182 506 2212 usdclur.
543 2182 719 2212 Suetonius
735 2193 859 2221 qnoque
877 2183 990 2212 Oetam.
1009 2188 1075 2221 cap.
1098 2193 1158 2213 100
1174 2182 1211 2211 de
1227 2182 1383 2221 Augusto
1397 2193 1403 2219 ;
1427 2183 1517 2219 obiit,

197 2227 311 2265 inquit,
331 2226 580 2264 septuagesimo
597 2230 630 2255 et
652 2231 749 2255 sexto
767 2226 885 2256 aetatis
907 2236 997 2256 anno
1009 2226 1016 2237 ’
1033 2226 1188 2265 quvssig
1381 2226 1473 2255 caelo
1491 2225 1524 2255 P

201 2272 238 2300 18
263 2270 351 2299 urbis
368 2269 400 2298 A
426 2272 453 2298 et
475 2268 661 2298 Acidalz'us:
695 2269 786 2299 orbis
802 2268 835 2298 P
966 2279 1004 2308 19
1028 2268 1051 2311 fi
1067 2269 1228 2308 exitiique
1245 2269 1276 2297 A
1298 2269 1365 2305 (siz-¹
1386 2272 1523 2308 sospem?

196 2313 322 2342 scribere
352 2313 512 2342 fuerimus
644 2322 681 2341 21
713 2313 796 2342 satis
827 2312 901 2343 add.
932 2313 1095 2342 Ruhnken
1184 2312 1273 2342 orbis
1305 2312 1389 2343 AP:
1429 2313 1521 2342 urbis

197 2356 321 2386 Bm'ero
338 2356 507 2395 legendum
534 2355 701 2384 uidebatur
837 2366 877 2394 23
901 2366 964 2386 nec
981 2356 1028 2386 P:
1063 2366 1105 2386 ne
1123 2355 1177 2386 A:
1211 2365 1271 2394 pro
1294 2356 1520 2394 supplcuem'm,

198 2410 263 2429 non
287 2400 372 2429 mim
397 2399 560 2428 adsentior
574 2398 698 2428 Kritzz'o
710 2404 804 2438 posse
818 2399 916 2429 bonis
934 2399 967 2428 id
983 2405 1085 2438 perse
1105 2400 1303 2438 St'gnific'am:
1325 2398 1419 2429 bonis
1442 2409 1520 2429 con—

196 2443 272 2473 silio
290 2442 418 2472 Scm‘ner
546 2452 586 2480 24
610 2442 720 2472 forent
736 2443 769 2472 A
902 2452 943 2481 25
970 2443 1010 2473 R.
1028 2442 1097 2472 ΑΡ

827 2518 884 2550 135
