1799 2864
485 183 546 220 IN
576 183 866 220 VELLEIVM
898 183 1278 221 PATERCVLVM

265 292 326 326 Lis
351 292 444 327 inter
461 293 554 327 duos
577 300 691 328 testes
716 294 807 327 haec
831 294 946 327 altera
972 293 1081 337 priori
1108 294 1247 328 similis.
1296 294 1544 328 Amerbachio

216 349 386 394 equidem
405 362 475 384 non
495 362 622 384 uereor
647 351 832 384 accedere.
885 351 1062 394 Quamuis
1081 351 1178 385 enim
1205 355 1393 396 noctesque
1413 356 1447 386 et
1469 353 1544 386 de‘es

216 406 271 441 bis
285 408 477 442 Terentius
490 407 618 441 dixerit
630 408 726 441 And.
743 407 788 441 iv.
807 418 834 442 1.
850 416 902 451 53,
919 409 1011 441 Eun.
1029 420 1060 441 v.
1073 418 1103 451 9.
1119 418 1176 451 49,
1191 413 1381 453 noctesque
1397 410 1544 453 diesque

215 465 326 499 semel
344 465 523 499 Horatius
536 466 571 499 S.
587 464 608 498 i.
628 475 655 499 1.
671 466 728 507 76,
745 465 978 510 eundemque
997 465 1162 499 ordinem
1181 466 1388 512 frequenter
1404 467 1545 509 Cicero,

214 529 307 556 teste
332 523 526 564 Mergueto
546 521 580 556 in
610 522 752 563 Lexioe,
773 529 919 556 secutus
944 522 989 556 sit
1010 522 1128 566 (Verr.
1146 524 1229 556 Act.
1246 522 1266 556 i.
1284 531 1338 567 52,
1358 525 1439 558 Act.
1460 524 1493 557 ii.
1511 533 1543 568 5.

218 589 303 621 1123
331 580 377 613 de
406 580 506 613 Orat.
535 579 555 613 i.
579 580 668 621 260;
697 581 798 613 Brut.
827 580 916 622 3083
949 580 1060 613 Tusc.
1086 592 1118 613 v.
1143 588 1209 622 703
1246 580 1326 614 Fin.
1346 580 1367 614 i.
1388 582 1446 624 51)
1476 593 1543 615 nec

213 636 377 670 dubitem
396 636 506 670 etiam
525 636 610 670 alibi
639 637 850 671 inuenturos
875 648 955 670 esse
980 636 1042 681 qui
1071 637 1140 670 hoc
1167 637 1295 671 sectati
1323 637 1477 671 fuerint:
1505 645 1542 672 at

214 694 315 728 illum
335 694 520 728 inuersum
539 694 707 728 ordinem
725 695 802 728 dies
822 698 1019 738 noctesque,
1038 693 1113 727 cizk‘s
1129 698 1164 727 et
1180 698 1311 737 noctes,
1331 706 1403 728 non
1424 695 1542 728 solum

215 751 343 786 Cicero
370 751 514 785 uidetur
541 751 768 796 praetulisse,
788 763 873 785 nam
899 751 1015 785 sexies
1043 752 1164 785 decies
1189 751 1240 786 sic
1267 752 1410 796 repperi
1432 753 1539 786 Rosc.

214 810 297 843 Am.
321 809 364 851 63
402 809 480 843 Clu.
512 819 585 852 190,
617 817 691 852 195,
723 810 806 852 198;
836 810 881 843 de
906 810 925 842 l.
950 821 1067 852 agrar.
1092 809 1126 843 ii.
1145 809 1189 843 68
1207 816 1242 844 et
1261 818 1326 852 77;
1358 811 1453 843 Mur.
1473 810 1541 852 783

211 878 279 911 pro
310 867 407 901 dom.
435 877 501 910 303
533 867 654 900 Vatin.
682 867 746 909 263
777 866 899 900 Deiot.
931 867 997 909 383
1035 868 1151 901 Marc.
1178 876 1243 909 223
1275 867 1364 900 Phil.
1390 867 1424 901 ii.
1454 868 1541 910 116;

212 924 258 958 vi.
282 933 344 966 17;
372 937 403 958 x.
424 934 488 966 20;
516 924 584 958 xiv,
604 934 671 967 20;
698 926 772 958 Att.
787 924 846 958 xii.
862 925 906 966 46
923 937 930 964 ;
956 936 1081 958 uerum
1100 924 1212 958 etiam
1231 925 1412 968 praetulit,
1428 936 1540 969 quan-

211 988 289 1016 tum
317 981 404 1024 scio,
437 988 645 1016 constanter
677 983 814 1016 Caesar
842 983 882 1015 B.
903 983 944 1016 G.
966 981 1025 1015 vii.
1044 991 1088 1024 42
1113 988 1147 1016 et
1172 991 1227 1025 77,
1257 984 1298 1016 B.
1325 983 1364 1016 C.
1390 982 1411 1016 i.
1430 983 1486 1024 62,
1505 989 1540 1016 et

213 1040 407 1084 scriptores
443 1040 610 1074 Caesaris
645 1039 823 1073 bellorum
856 1040 912 1073 Af.
943 1040 997 1082 26,
1027 1039 1133 1084 Hisp.
1163 1041 1205 1083 38
1225 1052 1233 1081 3
1276 1040 1407 1084 quibus
1440 1040 1537 1074 adde

212 1097 427 1131 Sallustium
446 1097 488 1130 fr.
509 1097 607 1131 Hist.
623 1097 657 1131 ii.
678 1098 743 1140 893
772 1097 817 1131 iv.
839 1107 882 1141 34
902 1098 1213 1131 Maurenbrecher
1233 1098 1313 1134 (diu
1332 1102 1539 1142 noctuque),

213 1156 291 1189 Cat.
311 1164 354 1197 27
373 1155 450 1188 dies
466 1159 654 1199 neclesqne
659 1156 858 1200 festinare.

258 1224 307 1257 42
327 1222 346 1246 2
373 1220 562 1247 eontracta
588 1214 703 1246 classe
730 1220 764 1246 et
792 1212 954 1257 priuatus
980 1219 1014 1246 et
1045 1212 1282 1246 tumultuaria
1308 1212 1474 1247 inuectus
1504 1213 1540 1247 in

208 1282 292 1304 eum
312 1271 430 1304 locum
450 1270 510 1304 ubi
533 1276 637 1311 (corr.
658 1271 693 1304 in
714 1271 799 1314 quo)
820 1270 887 1315 ipsi
908 1271 1113 1314 praedones
1129 1278 1232 1305 erant
1251 1278 1393 1315 partem
1408 1271 1538 1305 classis

206 1327 349 1371 fugauit
367 1336 508 1372 partem
527 1328 662 1362 mersit.
681 1328 730 1361 Α.

256 1385 429 1430 priuatim
448 1387 537 1418 coni.
566 1385 742 1419 Gladius:
772 1384 915 1429 priuata
938 1385 1223 1429 Oudendmpizts
1318 1392 1352 1419 et
1372 1385 1538 1429 priuatus

209 1451 244 1478 et
270 1443 504 1478 tumultuaria
530 1449 718 1477 contracta
744 1443 861 1477 classe
889 1442 954 1486 (sic
980 1442 1112 1487 potius,
1139 1454 1212 1476 non
1240 1449 1278 1477 ut
1303 1441 1387 1476 dedi
1421 1454 1456 1487 p.
1475 1442 1534 1487 61)

209 1502 369 1535 Scrz'ner.
467 1501 503 1534 in
522 1512 594 1545 quo
615 1501 660 1534 P.

257 1559 342 1591 Non
354 1565 408 1592 est
424 1559 677 1602 curprl'ucrlim
694 1558 751 1591 uel
759 1559 919 1602 priuata
934 1557 1114 1591 scribatur
1128 1569 1135 1591 :
1164 1557 1413 1591 nominatiuus
1429 1570 1535 1592 suum

207 1616 328 1650 locum
353 1616 478 1657 habet,
505 1615 727 1660 referturque
762 1615 809 1649 ad
844 1614 1060 1657 subiectum,
1089 1615 1186 1659 quod
1214 1622 1359 1658 uocant,
1387 1623 1536 1650 senten-

207 1673 300 1708 tiae:
331 1675 529 1708 Contracta
556 1674 683 1715 classe,
704 1673 873 1718 quamuis
900 1681 935 1707 et
959 1673 1122 1716 priuatus
1143 1674 1201 1717 (ea
1228 1673 1473 1718 inueheretur)
1499 1681 1534 1709 et

207 1731 438 1766 tumultuarie
457 1731 672 1775 conscripta,
692 1731 857 1765 inuectus
876 1756 884 1764 .
903 1757 910 1765 .
931 1757 938 1764 .
956 1731 1106 1774 fugauit.

253 1799 342 1833 423
369 1789 403 1822 in
440 1789 650 1833 Bythiniam
689 1789 845 1833 perrexit
883 1788 930 1822 ad
969 1789 1226 1833 proconsulem
1266 1789 1412 1824 Iunium
1451 1803 1532 1825 cum

206 1846 305 1880 idem
344 1846 442 1880 enim
480 1847 610 1880 Asiam
653 1858 735 1880 eam
777 1858 887 1891 quam
931 1846 1120 1881 obtinebat
1162 1854 1289 1891 petens
1330 1855 1367 1882 ut
1407 1856 1534 1883 auctor

208 1904 306 1938 fieret
330 1904 498 1938 sumendi
526 1904 571 1938 de
599 1904 755 1948 captiuis
781 1904 954 1948 supplitii.
974 1905 1024 1938 A.

254 1962 352 1995 Satis
378 1962 572 1995 commode
599 1968 681 2006 post
709 1961 872 2006 Lipsium
899 1973 1049 2005 eamque
1079 1962 1334 2006 corrigentem,
1362 1970 1397 1997 et
1427 1976 1531 2008 egre-

204 2018 302 2062 giam
344 2019 633 2063 disputationem
675 2019 889 2064 Nipperdeii
935 2020 1072 2064 (opusc.
1103 2031 1138 2064 p.
1171 2021 1238 2063 326
1269 2027 1303 2054 et
1334 2021 1429 2064 448),
1458 2034 1532 2067 qua

206 2077 360 2110 lunium
379 2088 458 2110 cum
486 2089 527 2111 ex
550 2089 593 2111 eo
620 2077 813 2121 explicauit
839 2077 936 2121 quod
953 2078 1093 2111 Ilmcus
1117 2077 1236 2121 potius
1263 2090 1374 2122 quam
1393 2080 1531 2114 lunius

205 2135 410 2177 appellatus
423 2134 511 2168 sitis
525 2134 585 2179 qui
601 2146 667 2179 pro
685 2136 834 2169 consule
854 2142 931 2168 tum
951 2135 1162 2178 Bithyniam
1181 2136 1340 2177 tenebat,
1356 2137 1457 2171 locus
1477 2138 1529 2173 sic

205 2191 428 2236 expedietur,
445 2193 559 2236 qualis
575 2192 609 2226 in
624 2194 822 2237 archetypo
838 2193 952 2237 potuit
968 2204 1060 2235 esse,
1076 2195 1115 2226 sn
1130 2194 1346 2238 Billzym'am
1358 2198 1534 2238 perrexit

652 2258 716 2274 (illul

204 2283 257 2316 ad
269 2284 524 2327 proconsulem
551 2284 705 2317 Izmium
730 2284 838 2325 (idem
867 2285 962 2317 enim
989 2285 1123 2317 Asiam
1153 2296 1303 2328 eamque
1332 2286 1525 2330 obtinebat)

198 2342 334 2383 petens,
370 2341 434 2374 ἃς.
497 2341 665 2374 Eandem
692 2341 956 2375 dubitationem
984 2348 1131 2376 mouent
1164 2342 1346 2376 Plutarchi
1381 2344 1526 2379 codices

204 2397 239 2431 in
271 2398 345 2431 uita
372 2398 540 2432 Caesaris
564 2410 592 2432 c.
612 2408 642 2441 2,
662 2410 747 2432 nam
767 2398 924 2443 ’Ὶουγκον
951 2398 999 2432 ibi
1029 2399 1204 2443 scriptum
1239 2406 1306 2434 est.
1357 2402 1526 2446 Eamque

204 2455 362 2490 Velleius
382 2456 630 2500 neglegentius
649 2457 781 2501 posuit,
800 2457 1089 2501 Bithyniamque
1106 2456 1335 2501 significauit.

839 2533 897 2564 ¹59
