1799 2864
672 200 876 238 VELLEI
907 201 1225 240 PATERCVLI

287 309 472 359 iussuque
495 312 549 348 M.
573 310 734 358 Antoni,
757 311 866 349 cuius
893 324 1009 361 opem
1037 311 1209 362 petierat,
1231 313 1326 350 dum
1351 311 1450 350 inter
1469 313 1611 350 ducem

287 384 325 413 et
354 375 571 425 supplicem
598 377 854 414 tumultuatur
883 385 921 415 et
950 390 1055 415 nunc
1081 376 1310 427 dignitatern
1335 376 1484 424 retinet,
1506 390 1612 415 nunc

250 449 268 479 6
288 439 408 478 uitam
430 448 617 489 precatur,
639 454 662 478 a
682 440 787 479 Titio
814 441 1007 490 iugulatus
1032 449 1112 480 est:
1143 441 1204 480 cui
1226 441 1264 479 in
1286 450 1437 479 tantum
1458 440 1613 480 durauit

288 507 364 544 hoc
395 505 566 544 facinore
595 514 839 544 contractum
871 506 1017 553 odium,
1049 514 1092 544 ut
1122 520 1213 545 mox
1243 508 1357 545 ludos
1383 495 1430 544 ⁴in
1462 507 1613 544 theatro

290 570 454 619 Pompei
481 570 626 608 faciens
660 570 924 609 exsecratione
950 570 1086 620 populi
1113 572 1348 621 spectaculo,
1371 572 1479 620 quod
1508 583 1613 620 prae-

289 636 417 682 bebat,
440 637 655 685 pelleretur.

216 701 270 738 80
342 699 550 738 Acciuerat
587 713 724 749 gerens
762 707 897 737 contra
944 699 1176 749 Pompeium
1215 700 1362 738 bellum
1400 713 1446 738 ex
1484 699 1616 737 Africa

290 765 434 803 Caesar
455 764 649 813 Lepidum
671 778 761 802 curn
781 763 993 802 duodecim
1014 764 1238 814 semiplenis
1262 764 1490 814 legionibus.
1550 764 1614 803 hic

289 828 347 866 uir
384 828 562 866 omniurn
600 828 835 866 uanissimus
877 841 1005 877 neque
1043 830 1122 867 ulla
1158 829 1300 867 uirtute
1338 838 1416 867 tam
1455 831 1612 879 longam

288 895 465 932 fortunae
509 893 792 943 indulgentiam
840 893 998 932 meritus
1045 894 1256 932 exercitum
1304 894 1478 944 Pompei,
1522 894 1614 944 quia

289 957 446 1007 propior
465 959 599 1005 fuerat,
623 966 853 1007 sequentem
880 971 961 996 non
992 957 1124 1007 ipsiuS,
1147 960 1217 997 sed
1249 958 1425 998 Caesaris
1451 958 1614 997 auctori-

253 1042 267 1062 2
288 1032 406 1061 tatem
427 1036 473 1061 ac
490 1024 620 1070 fidem,
635 1023 709 1061 sibi
722 1023 897 1061 iunxerat
912 1023 1147 1073 inflatusque
1162 1023 1328 1072 amplius
1344 1035 1403 1061 xx
1416 1023 1614 1073 legionum

289 1101 452 1126 nurnero
473 1087 511 1125 in
534 1087 573 1126 id
594 1087 730 1126 furoris
750 1096 1002 1137 processerat,
1020 1096 1062 1126 ut
1082 1088 1227 1126 inutilis
1248 1088 1287 1126 in
1307 1087 1434 1126 aliena
1453 1087 1616 1127 uictoria

288 1166 432 1199 comes,
473 1166 591 1201 quam
631 1152 698 1191 diu
740 1161 912 1191 moratus
957 1161 1048 1199 erat,
1089 1152 1318 1191 dissidendo
1356 1152 1396 1190 in
1444 1152 1615 1191 consiliis

289 1217 446 1256 Caesari
467 1226 504 1255 et
525 1230 678 1266 semper
697 1217 852 1256 diuersa
871 1216 942 1264 his,
965 1230 1065 1266 quae
1085 1216 1169 1255 aliis
1189 1217 1409 1267 placebant,
1431 1217 1614 1263 dicendo,

289 1290 411 1320 totam
433 1281 637 1320 uictoriam
658 1290 701 1320 ut
721 1295 831 1320 suam
852 1281 1176 1331 interpretaretur,
1198 1282 1448 1331 audebatque
1469 1283 1618 1320 denun-

254 1364 271 1394 3
290 1347 383 1386 tiare
405 1347 573 1394 Caesari,
596 1348 799 1385 excederet
820 1346 959 1386 Sicilia.
1018 1359 1099 1384 non
1119 1346 1170 1384 ab
1186 1345 1435 1396 Scipionibus
1455 1345 1618 1395 aliisque

291 1413 487 1452 ueteribus
506 1414 777 1451 Romanorum
794 1413 941 1450 ducum
957 1411 1174 1461 quidquam
1189 1425 1329 1449 ausum
1344 1419 1618 1461 patratumque

292 1477 426 1516 fortius
447 1490 566 1526 quarn
588 1485 682 1514 tunc
701 1490 724 1514 a
751 1478 928 1516 Caesare.
988 1476 1135 1526 quippe
1156 1489 1245 1514 cum
1267 1475 1424 1514 inermis
1445 1484 1483 1513 et
1503 1476 1619 1513 lacer-

292 1552 405 1581 natus
444 1551 556 1589 esset,
589 1551 740 1592 praeter
770 1555 917 1580 nomen
951 1542 1048 1580 nihil
1080 1543 1247 1589 trahens,
1270 1541 1464 1591 ingressus
1496 1549 1620 1579 castra

292 1607 443 1657 Lepidi,
466 1607 631 1654 euitatis,
653 1620 754 1656 quae
774 1606 880 1644 iussu
901 1606 1071 1645 hominis
1095 1606 1314 1656 prauissimi
1343 1604 1450 1658 [tela]
1472 1605 1511 1643 in
1528 1619 1618 1644 eum

291 1682 378 1711 acta
398 1681 517 1719 erant,
541 1686 631 1710 curn
658 1674 812 1710 lacerna
833 1672 914 1710 eius
938 1674 1131 1722 perforata
1157 1680 1259 1710 esset
1279 1673 1424 1718 lancea,
1447 1671 1618 1721 aquilam

252 1759 273 1786 4
292 1738 454 1788 legionis
494 1751 627 1787 rapere
673 1751 790 1776 ausus
838 1746 905 1776 est.
976 1737 1104 1785 scires,
1144 1737 1239 1787 quid
1281 1737 1484 1775 interesset
1521 1736 1621 1775 inter

292 1805 436 1842 duces:
467 1802 604 1840 armati
624 1802 814 1840 inermem
835 1802 958 1840 secuti
985 1810 1075 1840 sunt
1101 1802 1337 1851 decimoque
1363 1816 1468 1840 anno
1500 1815 1618 1852 quam

292 1869 342 1906 ad
372 1866 682 1916 indignissimam
717 1866 798 1905 uita
828 1881 898 1905 sua
927 1867 1144 1917 potentiam
1173 1876 1414 1916 peruenerat,
1447 1867 1620 1917 Lepidus

339 1981 353 2001 1
379 1970 517 2001 Antonii
535 1969 605 2000 ΑΡ
734 1980 752 2009 5
777 1981 889 2002 execr.
908 1970 978 2001 ΑΡ
1062 1971 1153 2010 quod
1170 1981 1234 2002 om.
1250 1970 1284 2000 A
1402 1972 1422 2001 8
1447 1971 1622 2011 Laepidum

293 2037 367 2057 cum
389 2020 439 2056 iffi
454 2025 487 2055 A
605 2035 642 2064 13
668 2026 699 2055 in
717 2026 827 2056 aliena
843 2026 985 2056 uictoria
1001 2025 1127 2056 Burer:
1152 2026 1185 2055 in
1203 2026 1333 2056 alienae
1350 2026 1514 2056 uictoriae
1531 2027 1622 2057 AB:

294 2070 425 2100 alienae
440 2070 599 2099 uictoriae
616 2069 649 2098 P
738 2080 774 2108 14
799 2070 957 2108 quamdiu
974 2069 1006 2099 A
1107 2079 1143 2108 15
1169 2069 1306 2099 Caesari
1323 2069 1516 2100 Acidalius:
1540 2071 1620 2101 diss.

295 2124 385 2144 cons.
412 2113 567 2143 Caesaris
591 2112 721 2143 Halm:
755 2113 910 2143 Caesaris
933 2113 1010 2152 ΑΡ,
1037 2113 1126 2152 quod
1145 2113 1175 2142 si
1195 2113 1384 2152 retinebitur,
1412 2114 1478 2149 crit,
1505 2114 1624 2153 quoties

297 2157 418 2187 Caesar
437 2156 623 2186 deliberabat
643 2167 716 2185 cum
733 2157 861 2186 consilio
883 2167 943 2186 suo
1030 2156 1081 2186 his
1101 2166 1176 2195 quae
1193 2156 1241 2188 P:
1267 2157 1319 2186 his
1335 2166 1367 2195 q.
1384 2156 1417 2186 A
1434 2168 1439 2187 :
1466 2157 1506 2187 iis
1525 2156 1626 2187 Orelli

299 2202 338 2230 16
362 2206 468 2230 totam
484 2199 549 2229 ΒΑ
568 2211 575 2230 z
603 2204 707 2230 tutam
725 2199 758 2230 P
843 2200 1125 2239 interpretaretur
1146 2200 1358 2239 audebatque
1381 2200 1549 2231 Gelenius:
1574 2200 1623 2230 in-

295 2245 544 2283 terpretabatur
567 2244 779 2282 audebatque
795 2243 881 2275 AP:
912 2244 1195 2282 interpretaretur
1219 2245 1425 2283 auderetque
1448 2243 1622 2274 Ruhnken.

294 2287 354 2317 An
375 2287 578 2327 parenthesin
593 2287 726 2325 faciunt
749 2287 805 2316 illa
830 2287 862 2316 in
889 2287 920 2317 id
939 2287 1061 2317 suroris
1093 2292 1332 2326 processerat.
1350 2311 1357 2317 .
1375 2311 1383 2318 .
1403 2287 1559 2320 dicendo.
1589 2291 1626 2317 ut

297 2330 505 2370 respondeant
530 2331 612 2360 inter
635 2341 668 2360 se
692 2331 857 2368 iunxerat,
876 2331 1178 2370 interpretabatur?
1327 2340 1363 2369 17
1389 2330 1505 2361 aliisue
1525 2330 1628 2361 Orelli

297 2385 338 2404 20
362 2379 476 2413 preter
492 2373 524 2402 A
653 2384 692 2404 21
712 2374 778 2403 tela
795 2373 842 2403 P:
867 2385 932 2405 ont.
949 2374 982 2404 A
1107 2384 1147 2404 22
1171 2379 1246 2404 acta
1261 2373 1349 2404 AP:
1374 2374 1459 2404 iacta
1478 2373 1625 2403 Gelenius

298 2417 378 2447 Post
394 2418 511 2447 lancea
527 2428 658 2447 erasum
674 2421 719 2447 est
734 2418 767 2447 in
784 2418 816 2446 A
835 2428 855 2456 q
1004 2427 1044 2456 25
1069 2417 1334 2456 indignissimam
1354 2417 1526 2456 Ruhnken,
1539 2416 1627 2457 quod

303 2461 447 2491 Thomas
462 2461 621 2500 suppleuit
636 2461 752 2491 adiecto
769 2461 858 2491 illam
873 2472 879 2491 z
904 2461 937 2491 in
954 2461 1136 2502 dissimilUl
1151 2460 1298 2501 Psimam
1313 2460 1384 2491 ΑΡ

940 2534 982 2565 94

1636 909 1674 931 10

1639 1557 1678 1578 20
