1799 2864
123 608 140 638 5

101 931 138 952 10

102 1573 141 1593 20

704 223 874 260 LIBER
904 224 922 260 I

158 335 278 382 illum,
307 334 373 384 qui
400 346 490 372 eum
518 331 659 370 imitari
684 339 827 381 posset,
852 331 1037 369 inuentus
1063 338 1131 369 est.
1190 344 1318 381 neque
1348 345 1480 382 quem-

159 411 277 448 quam
313 397 444 443 alium,
484 395 594 434 cuius
639 395 766 445 operis
810 394 959 444 primus
1003 403 1139 433 auctor
1182 396 1307 442 fuerit,
1347 396 1386 434 in
1432 410 1479 435 eo

158 461 481 513 perfectissimum
510 468 662 510 praeter
689 462 912 499 Homerum
943 467 981 498 et
1008 460 1290 499 Archilochum
1320 462 1482 510 reperie-

159 541 255 566 mus.
324 525 388 564 hic
426 525 579 575 longius
617 539 640 563 a
677 524 920 574 temporibus
958 524 1061 571 belli,
1098 526 1207 574 quod
1245 525 1478 574 composuit,
1500 547 1515 575 3

159 591 300 638 Troici,
323 604 441 640 quam
462 590 623 640 quidam
644 598 786 636 rentur,
808 590 932 628 abfuit
947 604 957 637 ,·
986 603 1077 628 nam
1098 591 1220 629 ferme
1239 598 1330 629 ante
1356 604 1481 629 annos

158 668 314 694 DCCCCL
340 655 480 702 floruit,
502 654 602 693 intra
628 654 734 693 mille
760 662 874 692 natus
901 662 968 692 est.
1028 668 1108 704 quo
1128 655 1290 693 nomine
1316 669 1397 694 non
1424 666 1481 693 est

158 720 392 767 mirandum,
414 721 523 769 quod
552 733 668 769 saepe
697 719 794 758 illud
823 727 983 769 usurpat
1013 719 1082 758 οἶοι
1108 723 1170 759 νῦν
1201 722 1338 770 βροτοί
1364 723 1458 759 εἰσιν
1473 736 1481 768 ς

157 788 234 824 hoc
263 785 367 824 enim
397 793 439 823 ut
468 784 687 832 hominum,
709 784 762 822 ita
791 786 1036 823 saeculorum
1066 793 1222 824 notatur
1251 786 1477 824 differentia.

158 864 276 901 quem
317 850 348 889 si
387 850 473 900 quis
512 863 674 888 caecum
715 849 891 899 genitum
925 858 1046 900 putat,
1078 851 1263 890 omnibus
1302 851 1480 890 sensibus

157 917 276 955 orbus
306 924 373 954 est.

212 980 442 1030 Insequenti
469 988 646 1029 tempore
672 979 879 1029 imperium
901 980 1117 1018 Asiaticum
1142 981 1192 1019 ab
1214 981 1392 1031 Assyriis,
1415 982 1481 1031 qui
1501 987 1528 1023 6

157 1044 197 1083 id
218 1044 467 1082 obtinuerant
487 1043 600 1081 annis
618 1055 748 1090 MLXX,
765 1045 994 1081 translatum
1015 1052 1073 1082 est
1093 1046 1143 1082 ad
1166 1046 1321 1091 Medos,
1337 1045 1482 1083 abhinc

157 1122 282 1147 annos
302 1110 423 1147 ferme
449 1120 626 1146 Dchxx.
685 1107 831 1157 quippe
852 1109 1161 1158 Sardanapalum
1189 1122 1323 1147 eorum
1352 1123 1481 1159 regern
1505 1126 1517 1145 2

158 1172 331 1211 mollitiis
364 1174 552 1210 fluentem
583 1180 621 1210 et
655 1171 820 1210 nimium
852 1171 1005 1210 felicem
1040 1174 1144 1211 malo
1179 1187 1261 1220 suo,
1298 1173 1411 1212 tertio
1445 1183 1483 1211 et

157 1237 354 1275 tricesimo
380 1239 469 1275 loco
498 1237 548 1274 ab
573 1236 681 1275 Nino
708 1244 745 1274 et
775 1236 1042 1284 Semiramide,
1066 1237 1133 1286 qui
1164 1238 1367 1287 Babylona
1393 1252 1483 1277 con-

159 1302 350 1348 diderant,
373 1310 520 1347 natum,
542 1301 595 1339 ita
615 1308 657 1339 ut
678 1314 831 1350 semper
852 1314 1054 1339 successor
1079 1302 1186 1351 regni
1213 1302 1364 1351 paterni
1385 1304 1482 1340 foret

159 1366 271 1413 filius,
294 1367 467 1404 Arbaces
498 1367 643 1404 Medus
672 1365 836 1415 imperio
863 1366 1022 1415 uitaque
1048 1366 1226 1415 priuauit.
1286 1381 1331 1405 ea
1357 1375 1483 1406 aetate
1502 1385 1518 1412 ,ς

159 1431 393 1469 clarissimus
408 1430 499 1469 Grai
514 1430 684 1469 nominis
694 1433 892 1480 Lycurgus
902 1432 1250 1479 Lacedaemonius,
1260 1432 1319 1470 uir
1331 1433 1481 1482 generis

159 1495 262 1545 regii,
285 1495 355 1533 fuit
376 1495 708 1533 seuerissimarum
729 1495 1107 1545 iustissimarumque
1134 1498 1263 1546 legum
1290 1505 1426 1536 auctor
1446 1507 1483 1536 et

159 1560 388 1609 disciplinae
417 1559 814 1598 conuenientissimae
840 1560 942 1607 uiris,
965 1560 1076 1598 cuius
1106 1574 1224 1610 quam
1252 1561 1319 1599 diu
1347 1563 1483 1611 Sparta

159 1626 322 1676 diligens
357 1625 439 1672 fuit,
475 1625 736 1663 excelsissime
774 1625 913 1663 floruit.
983 1627 1060 1664 hoc
1098 1634 1222 1664 tractu
1261 1634 1520 1676 temporum4

157 1698 248 1728 ante
274 1703 399 1728 annos
426 1689 601 1739 quinque
627 1698 665 1728 et
692 1689 890 1740 sexaginta
919 1703 1037 1740 quam
1067 1691 1159 1729 urbs
1182 1693 1364 1729 Romana
1393 1705 1483 1730 con-

158 1756 324 1802 deretur,
356 1755 407 1793 ab
442 1754 569 1792 Elissa
601 1754 728 1804 Tyria,
765 1768 884 1804 quam
923 1755 1084 1804 quidam
1119 1755 1225 1794 Dido
1263 1764 1479 1803 autumant,

160 1821 356 1869 Carthago
376 1819 567 1858 conditur.
618 1819 720 1858 circa
740 1821 848 1869 quod
868 1827 1024 1870 tempus
1041 1822 1228 1868 Caranus,
1252 1821 1310 1859 uir
1330 1822 1481 1871 generis
1503 1840 1519 1869 5

159 1884 262 1934 regii,
285 1888 307 1925 †
322 1893 451 1923 sextus
481 1884 658 1923 decimus
687 1886 737 1923 ab
760 1887 945 1932 Hercule,
968 1887 1164 1935 profectus
1186 1886 1298 1935 Argis
1319 1900 1480 1936 regnum

161 1950 423 1988 Macedoniae
461 1950 697 2000 occupauit3
743 1964 766 1988 a
803 1964 883 2000 quo
923 1953 1093 2000 Magnus
1131 1952 1354 1990 Alexander
1392 1965 1479 1990 cum

159 2015 272 2053 fuerit
302 2015 490 2065 septimus
517 2015 706 2063 decimus,
729 2016 811 2054 iure
840 2016 1005 2054 materni
1033 2015 1185 2066 generis
1212 2016 1367 2054 Achille
1396 2031 1483 2055 auc-

159 2088 253 2127 tore,
269 2080 418 2129 paterni
440 2082 614 2119 Hercule
633 2080 818 2131 gloriatus
840 2089 906 2119 est.
959 2079 1167 2133 [Aemilius
1184 2082 1280 2119 Sura
1300 2083 1350 2120 de
1370 2082 1482 2120 annis
1502 2090 1521 2121 6

208 2206 221 2226 1
248 2195 354 2235 possit
365 2195 406 2234 P,
420 2206 480 2226 em.
495 2195 608 2226 Aldus
674 2196 695 2225 6
720 2191 843 2226 ffi
856 2195 889 2225 P
955 2206 971 2235 7
997 2194 1054 2226 οἷοι
1073 2221 1079 2227 .
1098 2220 1105 2226 .
1127 2220 1134 2227 .
1153 2195 1231 2225 εἰσιν
1243 2196 1405 2235 suppleuit
1424 2196 1481 2225 Vr-

160 2251 265 2287 sinus,
279 2261 344 2281 om.
356 2250 389 2280 P
448 2260 486 2280 12
520 2261 621 2281 ooLxx
638 2250 689 2280 P:
714 2260 849 2281 MCCLXX
862 2250 990 2280 Berndt
1062 2261 1098 2289 13
1124 2261 1256 2281 DCCLxx
1269 2250 1311 2281 P:
1330 2260 1481 2281 DCCCLxx

160 2293 295 2333 Lipsius
386 2303 423 2332 15
447 2294 639 2325 tricensimo
663 2294 718 2324 B:
742 2294 979 2325 trecentesimo
995 2295 1028 2325 P
1111 2305 1147 2333 17
1171 2294 1322 2324 Arbaces
1341 2294 1379 2325 G.
1399 2294 1481 2325 Fab-

162 2337 256 2366 ricius
270 2348 277 2367 :
298 2337 492 2368 Pharnaces
504 2338 537 2368 P
638 2348 680 2368 20
704 2338 784 2368 uiris
798 2338 932 2378 Lipsius
945 2349 951 2369 ε
978 2338 1073 2368 uirP
1087 2349 1093 2368 ε
1110 2339 1225 2369 uirtuti
1237 2337 1397 2368 Heinsius
1411 2348 1417 2367 :
1440 2338 1480 2368 iis

161 2379 293 2410 Scm'ner
378 2391 418 2419 24
442 2381 595 2412 Taronus
612 2381 653 2420 P,
671 2392 730 2412 em.
752 2381 898 2412 Gelenius
958 2382 1011 2411 uir
1024 2382 1159 2420 generis
1177 2381 1260 2420 regii
1277 2381 1333 2412 del.
1351 2382 1482 2421 Lipsius

162 2432 203 2461 25
228 2424 425 2455 undecimus
442 2423 631 2464 Scaligeret
650 2425 827 2466 Wesseling
955 2426 996 2454 28
1019 2425 1185 2455 Aemilius
1206 2425 1292 2455 Sura
1310 2449 1317 2456 .
1344 2449 1351 2456 .
1377 2450 1383 2456 .
1402 2426 1478 2455 anni

162 2476 361 2498 MDCCCCXCV
391 2468 466 2498 lmec
503 2467 684 2499 inducenda
722 2479 786 2498 esse
819 2468 952 2508 primus
989 2468 1073 2499 uidit
1106 2469 1147 2500 P.
1186 2468 1362 2499 Delbenius
1391 2469 1484 2509 apud

161 2510 291 2541 Aldum

817 2574 833 2604 5
