1799 2864
700 200 904 237 VELLEI
936 199 1253 238 PATERCVLI

315 309 452 358 imperi
479 309 542 347 uix
572 309 611 347 in
641 309 706 348 illo
736 310 838 349 iusto
867 323 984 360 opere
1013 311 1172 349 abunde
1201 309 1381 360 persequi
1411 308 1635 359 poterimus,

278 386 294 416 5
316 376 462 412 nedum
514 374 577 412 hic
631 374 791 424 implere
846 383 1092 424 temptemus.
1169 376 1264 412 satis
1309 375 1384 412 erit
1428 373 1467 412 id
1514 386 1636 411 unum

315 437 457 476 dixisse
486 451 603 488 quarn
637 457 654 473 ae
687 453 704 472 *
736 438 799 476 ille
830 439 1014 476 omnibus
1043 438 1166 476 fuerit.
1237 447 1319 476 tum
1354 437 1502 476 refulsit
1536 445 1640 475 certa

314 516 402 551 spes
440 503 649 541 liberorum
689 503 925 552 parentibus,
958 502 1048 540 uiris
1088 503 1435 549 matrimoniorum,
1467 501 1638 540 dominis

314 566 533 615 patrimoni,
563 567 747 605 omnibus
780 566 1007 604 hominibus
1039 566 1182 613 salutis,
1213 567 1364 617 quietis,
1391 566 1509 616 pacis,
1541 574 1640 604 tran·
1661 579 1676 608 5

313 630 523 680 quillitatis,
555 633 655 669 adeo
690 639 732 668 ut
766 644 838 668 nec
868 632 954 680 plus
989 630 1132 680 sperari
1162 631 1330 680 potuerit
1364 644 1436 669 nec
1470 630 1552 680 spei
1587 644 1639 669 re-

314 695 500 744 sponderi
521 694 680 732 felicius.

222 767 295 804 104
368 761 590 808 Adoptatus
629 760 767 796 eadem
807 758 871 796 die
918 757 1034 796 etiam
1075 760 1130 796 M.
1172 758 1354 808 Agrippa,
1396 772 1513 809 quern
1552 767 1641 809 post

315 831 479 861 mortem
501 822 696 872 Agrippae
718 822 818 860 Iulia
838 822 950 860 enixa
970 830 1061 869 erat,
1084 824 1153 861 sed
1173 823 1212 861 in
1235 823 1403 861 Neronis
1427 823 1640 873 adoptione

314 887 408 926 illud
442 887 640 925 adiectum
674 887 734 925 his
768 886 861 936 ipsis
893 887 1069 926 Caesaris
1104 887 1256 926 uerbis:
1297 889 1384 934 hoc,
1417 887 1554 937 inquit,
1587 887 1640 926 rei
1666 902 1701 923 10

278 969 291 989 2
314 951 494 1001 publicae
542 965 658 989 causa
705 951 815 989 facio.
893 965 973 990 non
1012 951 1079 990 diu
1118 951 1316 990 uindicem
1356 954 1641 1001 custodemque

313 1016 450 1066 imperi
485 1016 543 1054 sui
574 1024 723 1054 morata
756 1016 795 1054 in
827 1017 923 1070 urbe
954 1016 1077 1066 patria
1107 1016 1283 1066 protinus
1317 1016 1356 1054 in
1389 1017 1639 1055 Germaniam

314 1081 427 1127 misit,
459 1081 526 1119 ubi
555 1089 645 1119 ante
675 1081 884 1119 triennium
915 1081 988 1119 sub
1019 1083 1074 1118 M.
1101 1080 1269 1128 Vinicio,
1300 1094 1376 1119 auo
1406 1088 1485 1128 tuo,
1517 1082 1641 1121 claris-

313 1145 412 1183 simo
451 1145 546 1191 uiro,
587 1145 810 1183 inmensum
850 1145 1041 1183 exarserat
1069 1146 1227 1183 bellum.
1300 1153 1380 1183 erat
1412 1153 1485 1183 †et
1514 1146 1563 1184 ab
1594 1159 1640 1184 eo

313 1210 550 1260 quibusdam
571 1210 610 1247 in
632 1210 727 1248 locis
747 1218 911 1259 gestum,
929 1210 1166 1260 quibusdam
1188 1218 1446 1248 sustentatum
1467 1211 1639 1258 feliciter,
1665 1227 1701 1259 15

313 1288 440 1324 eoque
478 1274 639 1313 nomine
678 1277 834 1313 decreta
867 1275 901 1313 ei
941 1289 1031 1313 cum
1066 1275 1352 1324 speciosissima
1390 1275 1642 1325 inscriptione

274 1353 292 1381 3
313 1352 476 1388 operum
505 1347 735 1377 ornamenta
761 1339 1018 1389 triumphalia.
1079 1341 1155 1377 hoc
1182 1347 1336 1389 tempus
1361 1353 1434 1386 me,
1463 1341 1641 1378 functum

312 1411 403 1440 ante
424 1402 633 1449 tribunatu,
658 1411 871 1441 castrorum
892 1403 951 1440 Ti.
971 1403 1148 1442 Caesaris
1170 1403 1332 1441 militem
1353 1404 1466 1442 fecit:
1497 1404 1642 1454 quippe

313 1467 489 1517 protinus
519 1468 568 1505 ab
600 1467 814 1517 adoptione
846 1467 986 1505 missus
1018 1481 1108 1506 cum
1139 1481 1187 1506 eo
1218 1469 1435 1517 praefectus
1465 1468 1641 1518 equitum

313 1532 351 1569 in
374 1532 637 1578 Germaniam,
661 1545 862 1570 successor
883 1532 999 1570 officii
1019 1531 1136 1581 patris
1164 1532 1251 1578 mei,
1275 1532 1640 1571 caelestissimorum
1665 1551 1703 1572 20

313 1596 394 1634 eius
416 1610 579 1646 operum
595 1610 664 1646 per
678 1611 803 1635 annos
820 1597 1029 1635 continuos
1053 1599 1072 1641 †
1089 1609 1162 1634 VIII
1180 1599 1396 1646 praefectus
1413 1606 1478 1635 aut
1494 1600 1642 1648 legatus

313 1669 518 1711 spectator,
555 1669 637 1699 tum
672 1675 742 1711 pro
777 1670 892 1712 captu
932 1661 1210 1700 mediocritatis
1245 1676 1355 1700 meae
1389 1662 1543 1701 adiutor
1576 1663 1640 1701 fui.

314 1739 442 1775 neque
464 1725 517 1762 illi
539 1727 775 1775 spectaculo,
798 1739 878 1775 quo
898 1727 1045 1764 fructus
1067 1739 1164 1773 sum,
1188 1726 1312 1764 simile
1339 1726 1521 1766 condicio
1546 1741 1644 1766 mor-

314 1790 398 1828 talis
434 1790 604 1839 recipere
638 1790 793 1829 uidetur
824 1790 930 1837 mihi,
963 1804 1052 1828 cum
1087 1804 1156 1840 per
1185 1791 1476 1829 celeberrimam
1508 1792 1644 1831 Italiae

360 1903 373 1922 1
401 1892 530 1931 imperii
556 1892 626 1921 ΑΡ
776 1903 795 1922 2
820 1894 874 1923 hic
905 1892 1069 1924 Gelenius:
1106 1894 1183 1924 hinc
1210 1894 1280 1923 ΑΡ
1379 1900 1583 1934 temptemus
1611 1897 1644 1928 id

316 1936 501 1974 (tentemus
518 1948 523 1967 :
549 1936 600 1965 *id
619 1935 662 1970 P)
681 1947 783 1966 unum
801 1937 927 1967 dixisse
944 1947 1043 1976 quam
1061 1937 1115 1967 ille
1139 1937 1292 1968 omnibus
1311 1938 1410 1968 suerit
1427 1938 1497 1968 ΑΡ
1624 1951 1644 1980 3

314 1980 462 2009 contenti
482 1982 558 2019 post
582 1979 720 2012 dixisse.
746 1991 844 2010 carus
871 1985 946 2019 post
976 1981 1030 2010 ille
1054 1981 1249 2019 Rhenanus,
1283 1982 1373 2011 iuuat
1399 1986 1475 2021 post
1505 1983 1640 2021 dixisse,

314 2033 412 2053 carus
431 2027 506 2062 post
529 2023 629 2052 suerit
653 2022 762 2052 Burer
784 2023 964 2054 addebant:
995 2024 1027 2054 id
1045 2035 1076 2054 u.
1096 2024 1163 2054 dix.
1181 2029 1232 2054 sat
1258 2029 1308 2054 est
1332 2035 1430 2063 quam
1455 2027 1477 2057 i.
1495 2036 1525 2057 o.
1544 2027 1644 2058 suerit

314 2077 412 2096 carus
429 2066 600 2105 (dilectus)
621 2065 768 2096 Laurent
876 2078 975 2106 quarn
994 2067 1123 2097 faustus
1140 2067 1247 2097 Halm
1262 2080 1267 2099 :
1293 2079 1393 2107 quam
1411 2069 1490 2099 felix
1506 2069 1642 2103 Nova'k:

315 2110 431 2148 quanti
444 2115 506 2149 pro
523 2120 620 2148 quam
639 2109 827 2148 Rosenlnyn
951 2121 968 2149 5
994 2111 1183 2150 patrimonii
1201 2111 1272 2141 ΑΡ
1391 2113 1412 2142 6
1436 2114 1644 2152 respondere

315 2153 440 2183 felitius
456 2153 488 2182 A
604 2152 624 2182 8
647 2153 828 2191 adoptatus
845 2164 908 2185 otu.
929 2154 961 2183 A
1054 2155 1173 2184 eodem
1189 2154 1318 2185 Krause
1450 2166 1488 2186 12
1513 2157 1643 2196 imperii

315 2196 386 2225 ΑΡ
532 2206 569 2235 13
594 2196 648 2226 ubi
677 2196 728 2227 P:
753 2197 799 2226 uti
817 2198 849 2226 A
956 2197 1160 2232 tricennium
1177 2197 1261 2227 Boot
1409 2209 1447 2238 14
1471 2200 1558 2230 imm.
1578 2200 1648 2230 ΑΡ

315 2240 346 2269 id
366 2239 498 2279 Lipsius
625 2241 663 2269 16
687 2240 716 2269 ei
734 2239 784 2269 P:
809 2243 839 2270 ἅτ
858 2241 890 2270 Α
1024 2242 1063 2271 18
1087 2241 1255 2271 tribunatu
1268 2243 1363 2281 prius
1378 2242 1410 2271 A
1503 2243 1575 2273 Tib.
1592 2243 1644 2274 P:

314 2282 353 2314 T.
371 2283 403 2312 A
543 2293 582 2322 19
598 2290 624 2312 et
640 2293 678 2312 21
699 2284 781 2322 pref.
800 2284 832 2312 A
968 2294 1008 2315 20
1031 2285 1099 2314 mei
1115 2285 1216 2323 patris
1234 2284 1299 2315 mei
1316 2285 1348 2314 A
1369 2286 1437 2326 (sic)
1528 2286 1588 2316 cel.
1608 2287 1642 2317 A

315 2347 352 2366 21
373 2337 506 2367 vuxA:
531 2333 617 2368 xffi
638 2337 672 2367 P
809 2348 849 2367 22
873 2342 1054 2377 spectator,
1081 2343 1151 2368 tum
1178 2339 1342 2370 Thomas:
1375 2344 1563 2378 spectatum
1587 2340 1644 2371 A:

314 2385 486 2419 spectatus
504 2380 544 2418 P,
570 2381 659 2420 quod
669 2381 802 2420 frustm
828 2381 1005 2411 umdzcauz't
1027 2381 1193 2413 Laurent:
1224 2387 1395 2421 spectator
1418 2388 1450 2414 et
1477 2382 1645 2414 Gelenius:

315 2434 364 2461 sp.
390 2429 445 2454 aut
472 2424 608 2454 Cludius
696 2435 769 2455 mae
794 2425 866 2465 del.‚
891 2425 961 2455 dein
986 2430 1144 2465 suprascr.
1172 2436 1267 2456 meae
1286 2426 1318 2455 A
1454 2436 1494 2465 23
1518 2427 1645 2458 fructus

316 2466 368 2497 B:
398 2467 518 2498 fruitus
535 2468 586 2499 P:
610 2468 743 2499 functus
760 2468 792 2497 A

949 2529 1011 2560 114
