1799 2864
549 188 1006 229 COMMENTARIVS
1037 191 1299 230 CRITICVS

263 300 499 338 opponuntur
515 295 698 330 maleficia
721 296 910 341 suppliciis
928 297 976 331 ad
996 299 1159 332 Herenn.
1179 297 1225 332 iv.
1245 299 1276 332 8.
1300 308 1338 332 12
1357 298 1459 343 quod
1473 298 1586 331 male-

259 352 385 391 ficium
403 363 483 386 cum
507 353 574 388 [τοι
594 355 723 388 scelere
747 357 968 399 comparari,
992 357 1094 400 quod
1114 357 1202 390 huic
1230 356 1408 401 maleficio
1429 356 1587 401 dzgrnum

261 410 484 454 supplicitate
502 413 625 455 potest
648 413 846 446 zbtzteniri?
895 414 978 447 Hoc
1007 424 1073 458 per
1095 413 1301 448 chiasmum
1328 413 1380 448 sic
1398 413 1589 447 efferetur:

261 478 368 512 quem
384 470 560 513 spiritum
578 469 750 503 debuerat
762 469 980 515 [maleficim]
993 472 1174 515 supplicio
1185 471 1355 505 reddidit.
1399 471 1589 505 Debuerat

266 525 437 568 Catilina,
456 526 542 570 quia
560 527 755 562 scelestum
784 527 978 562 consilium
1005 528 1134 563 inierat
1159 528 1318 573 patriam
1344 527 1591 573 opprimendi,

264 594 308 617 ex
334 595 377 617 eo
404 584 582 618 maleficio
610 585 734 619 statim
758 585 873 619 mori:
908 585 998 629 fugit
1023 593 1148 620 tamen
1175 598 1218 620 ex
1244 587 1332 621 urbe
1359 597 1478 631 neque
1504 591 1591 619 ante

264 647 428 675 mortuus
454 649 509 676 est
527 653 636 686 quam
657 641 692 676 in
720 642 870 676 Etruria
895 654 1056 687 pugnam
1079 655 1144 688 pro
1170 644 1335 688 partibus
1362 644 1462 678 ciens
1487 642 1592 687 spiri-

264 705 342 732 tum
370 698 486 733 uictus
508 710 591 733 cum
616 700 690 734 suis
710 699 870 734 reddidit
889 711 963 734 non
982 701 1162 735 maleficio
1185 701 1250 735 sed
1273 701 1414 746 patriae
1432 711 1591 745 poenam

265 756 436 790 maleficii
476 757 652 791 meditate
694 769 738 791 ac
780 758 919 792 tardius
959 758 1130 802 exigenti.
1198 759 1382 793 Maleficio
1422 758 1591 803 spiritum

264 815 395 857 reddit,
427 815 486 859 qui
515 815 640 854 statim
667 823 841 849 necatur:
883 815 1075 860 supplicio,
1105 815 1165 861 qui
1193 817 1307 851 dilata
1332 825 1460 860 morte,
1486 815 1592 861 quasi

266 871 303 906 id
321 879 453 915 agente
470 873 544 906 fato
562 879 600 906 ut
619 873 763 916 plenius
783 872 984 918 iustiusque
1003 874 1195 918 plectatur.

314 931 366 973 36
385 939 405 963 2
431 937 670 974 auctoresque
700 930 905 964 carminum
931 931 1137 965 Varronem
1165 943 1209 965 ac
1241 931 1446 966 Lucretium
1476 942 1596 976 neque

266 988 339 1021 ullo
359 987 394 1021 in
414 987 569 1032 suspecti
589 988 711 1032 operis
730 988 783 1022 sui
804 988 967 1023 carmine
985 989 1164 1023 minorem
1181 990 1377 1024 Catullum.
1395 989 1445 1023 A.

316 1046 400 1079 Hoc
418 1052 494 1078 tam
522 1046 752 1080 conclamato
771 1046 807 1080 in
825 1047 904 1080 loco
930 1058 1044 1080 unum
1067 1055 1122 1081 est
1139 1047 1176 1080 in
1203 1047 1303 1092 quod
1326 1047 1485 1092 plurium
1509 1057 1596 1081 con-

267 1103 406 1147 spirent
431 1102 586 1146 iudicia3
616 1115 704 1137 nam
728 1104 827 1148 quod
850 1105 1000 1149 protulit
1024 1105 1169 1149 Lipsius
1194 1107 1361 1150 suscepti,
1388 1105 1425 1139 id
1452 1115 1598 1138 summo

268 1172 451 1194 consensu
479 1160 667 1203 Heinsius,
690 1162 899 1207 Markland,
925 1163 1120 1204 Ruhnken,
1148 1163 1274 1206 Orelli,
1295 1163 1463 1206 Maduig,
1485 1162 1598 1196 Halm

267 1225 508 1262 receperunt3
547 1226 586 1253 ut
617 1219 676 1253 uix
709 1220 873 1254 dubitem
906 1219 1032 1254 Arturi
1074 1221 1222 1254 Palmer
1261 1220 1510 1255 coniecturam
1543 1221 1599 1253 κή-

267 1279 427 1321 suspecti
440 1277 588 1319 reicere,
605 1289 686 1311 cum
706 1289 814 1312 nemo
833 1285 1010 1320 ueterum,
1024 1279 1122 1323 quod
1141 1278 1266 1321 sciam,
1281 1278 1472 1313 tradiderit
1488 1277 1600 1312 fuisse

268 1335 305 1369 in
327 1335 460 1368 Catulli
479 1335 702 1369 carminibus
728 1347 821 1380 quae
846 1336 976 1383 iniuria
994 1337 1041 1370 ad
1059 1347 1142 1370 eum
1168 1337 1396 1370 referrentur.
1447 1334 1601 1369 Traubii

269 1400 393 1426 autem
413 1393 721 1437 emendationem,
740 1405 854 1437 neque
880 1394 957 1427 ullo
975 1395 1053 1427 m'si
1074 1395 1251 1427 succincti
1271 1395 1390 1438 operis
1413 1394 1602 1427 uolumine

269 1453 447 1484 minorem
470 1452 669 1494 Catullum,
689 1452 738 1485 ad
756 1463 906 1486 sensum
924 1452 1112 1496 optimam,
1130 1452 1194 1486 sed
1208 1452 1403 1486 uerborum
1419 1458 1602 1486 structura

269 1510 378 1553 paulo
400 1508 681 1553 impeditiorem,
707 1510 873 1543 nondum
899 1510 1018 1544 audeo
1045 1510 1217 1554 recipere,
1239 1517 1366 1554 utpote
1383 1521 1405 1543 a
1423 1508 1603 1553 scriptura

272 1566 529 1601 Murbacensis
548 1567 656 1600 nimis
677 1567 886 1601 distantem.

321 1625 562 1659 Credideram
587 1625 673 1658 olim
695 1625 874 1659 Velleium
902 1625 1132 1670 significasse
1157 1626 1340 1659 Catullum
1365 1636 1510 1669 semper
1534 1624 1603 1658 sibi

270 1683 462 1727 aequalem
481 1690 516 1717 et
534 1683 668 1727 ubique
693 1684 924 1728 aequabilem
944 1683 1072 1726 uideri,
1092 1683 1372 1728 scribebamque
1391 1694 1506 1727 neque
1523 1682 1604 1716 nlla

271 1742 310 1774 in
328 1742 487 1785 suscepti
507 1743 627 1785 operis
642 1743 706 1774 sui
728 1748 830 1785 parte
855 1753 892 1775 se
918 1743 1096 1774 minorem
1123 1742 1335 1775 Catullum:
1364 1748 1494 1785 postea
1519 1751 1603 1774 cum

270 1799 519 1842 intellegerem
540 1798 821 1843 NYOpkensium,
846 1799 948 1833 cuius
974 1798 1108 1832 iudicio
1131 1800 1286 1832 multum
1311 1809 1456 1842 semper
1482 1796 1604 1840 tribui,

271 1857 324 1891 sic
342 1857 622 1901 interpretatum
641 1858 649 1874 ‘
663 1857 847 1891 Catullum
866 1857 902 1890 in
921 1857 1021 1890 nullo
1045 1855 1207 1890 carmine
1226 1856 1348 1900 operis
1367 1855 1420 1890 sui
1440 1857 1605 1890 Varrone

271 1927 315 1949 ac
343 1914 512 1948 Lucretio
542 1915 651 1949 fuisse
681 1915 883 1959 minorem,’
916 1926 1036 1958 neque
1065 1921 1200 1955 tamen,
1228 1914 1257 1948 si
1283 1914 1606 1958 Epigrammatum

272 1974 408 2007 bonam
439 1980 582 2017 partem
610 1973 832 2015 consideres,
860 1984 968 2017 posse
996 1972 1035 2006 id
1065 1984 1149 2006 uere
1179 1973 1225 2006 de
1256 1983 1299 2006 eo
1331 1971 1416 2015 dici,
1446 1970 1605 2006 indicaui

274 2031 403 2065 uitium
430 2031 580 2064 subesse
607 2030 643 2064 in
670 2030 740 2072 illo,
768 2031 867 2075 quod
894 2030 1002 2064 nimis
1029 2031 1177 2074 languet
1199 2030 1407 2074 repetitum,
1431 2031 1606 2071 carmine,

273 2096 309 2124 et
328 2101 393 2133 pro
407 2089 477 2122 hoc
489 2090 677 2123 conamine
691 2089 956 2133 reponendum.
993 2089 1227 2132 Quamquam
1243 2087 1341 2122 enim
1357 2087 1453 2122 inter
1472 2087 1606 2121 Catulli

275 2148 546 2192 epigrammata
563 2158 638 2180 non
658 2158 775 2191 pauca
793 2153 877 2180 sunt
897 2157 991 2191 quae
1012 2146 1192 2180 minorem
1212 2157 1295 2179 eum
1315 2145 1486 2179 Lucretio
1504 2144 1607 2179 euin-

275 2214 371 2248 cant,
390 2206 587 2250 praecipue
606 2204 635 2238 si
654 2216 698 2238 ex
716 2205 894 2248 dignitate
913 2203 1097 2238 carminis*
1110 2211 1219 2248 poeta
1237 2203 1460 2246 aestimetur,
1479 2213 1606 2237 uerum

275 2271 402 2299 tamen
420 2271 475 2298 est
493 2275 538 2297 ne
557 2264 593 2296 in
613 2262 903 2307 Epigrammatis
922 2262 1080 2306 quidem,
1102 2262 1130 2296 si
1150 2262 1322 2296 uniuersa
1341 2268 1484 2306 spectes
1501 2260 1606 2306 quasi

276 2334 388 2357 unam
410 2329 553 2367 partem
576 2320 806 2355 conficientia
820 2319 1003 2364 corporis,
1024 2319 1125 2354 cuius
1146 2320 1306 2364 reliquae
1330 2326 1453 2364 partes
1472 2317 1606 2352 fuerint

277 2380 419 2424 Lyrica,
446 2378 696 2424 Epithalamia
719 2390 803 2412 cum
829 2378 967 2420 Attine,
994 2378 1177 2422 Epyllion,
1205 2376 1370 2421 Elegiae,
1396 2388 1478 2411 esse
1504 2376 1607 2420 quid-

277 2450 389 2484 quam
416 2449 550 2472 causae
576 2436 771 2482 quominus
797 2435 955 2470 Varroni
982 2435 1142 2470 Atacino
1172 2443 1207 2470 et
1237 2435 1404 2470 Lucretio
1430 2435 1609 2469 habeatur

915 2501 976 2542 156
