1799 2864
212 432 284 468 108

687 195 891 232 VELLEI
921 194 1239 233 PATERCVLI

303 305 470 344 exercitu
491 305 530 343 in
551 305 714 344 hiberna
733 305 905 355 legiones
925 305 1087 352 reduxit,
1110 307 1248 344 eadem
1270 319 1347 355 qua
1370 305 1495 355 priore
1518 318 1623 343 anno

303 369 549 408 festinatione
570 370 705 408 urbem
727 378 874 419 petens.

357 434 465 472 Nihil
494 442 574 472 erat
602 434 678 472 iarn
708 434 747 472 in
778 434 998 480 Germania,
1029 436 1137 484 quod
1169 434 1273 472 uinci
1302 443 1444 484 posset,
1476 442 1626 483 praeter

301 507 457 548 gentem
498 501 882 545 Marcomannorum,
923 512 1023 548 quae
1064 500 1314 537 Maroboduo
1356 501 1457 537 duce
1501 498 1625 536 excita

301 563 461 601 sedibus
482 563 560 601 suis
580 572 697 612 atque
718 563 757 600 in
779 562 960 600 interiora
980 562 1172 611 refugiens
1192 563 1384 601 incinctos
1403 562 1625 611 Hercyniae
1645 577 1661 607 5

267 640 279 660 Ξ
301 627 422 665 siluae
451 640 611 676 campos
642 627 847 664 incolebat.
907 628 1013 663 nulla
1043 626 1238 665 festinatio
1269 627 1384 665 huius
1415 627 1487 664 uiri
1521 640 1626 664 men-

201 1277 278 1314 109

262 1604 276 1624 Ν

300 691 447 730 tionem
473 691 686 740 transgredi
713 691 841 729 debet.
902 691 1186 738 Maroboduus,
1208 704 1348 740 genere
1369 691 1522 737 nobilis,
1546 704 1624 728 cor-

300 769 393 805 pore
423 757 662 805 praeualenS,
689 755 821 793 animo
850 756 967 801 ferox,
994 755 1153 793 natione
1182 755 1303 805 magis
1330 769 1448 805 quam
1475 755 1624 794 ratione

300 820 496 866 barbarus,
516 833 595 858 non
617 819 913 857 tumultuarium
929 832 1058 868 neque
1074 819 1275 857 fortuitum
1292 833 1420 869 neque
1436 820 1623 858 mobilem

299 892 336 922 et
357 897 402 922 ex
429 885 631 922 uoluntate
657 883 876 932 parentium
904 891 1148 921 constantem
1176 883 1275 921 inter
1298 897 1389 922 suos
1417 884 1624 933 occupauit
1648 902 1685 924 ιο

299 948 570 998 principatum,
587 949 657 986 sed
673 956 821 985 certum
838 947 1044 997 imperium
1061 948 1221 997 uimque
1237 948 1381 997 regiam
1398 950 1623 998 complexus

297 1012 430 1050 animo
451 1012 583 1049 statuit
609 1020 774 1050 auocata
800 1013 936 1061 procul
962 1025 985 1049 a
1012 1012 1203 1050 Romanis
1232 1020 1347 1061 gente
1374 1026 1444 1050 sua
1469 1026 1516 1051 eo
1540 1026 1624 1062 pro—

297 1076 415 1126 gredi,
434 1076 501 1114 ubi
518 1090 607 1114 cum
624 1085 780 1126 propter
800 1076 1021 1125 potentiora
1038 1090 1146 1114 arma
1165 1077 1376 1126 refugisset,
1394 1091 1464 1115 sua
1482 1079 1625 1116 faceret

298 1140 578 1190 potentissima.
638 1141 838 1190 occupatis
860 1141 983 1190 igitur,
999 1141 1085 1191 quis
1106 1141 1378 1191 praediximus,
1397 1142 1492 1180 locis
1513 1142 1624 1180 finiti-

300 1218 384 1242 mos
405 1205 532 1243 omnis
553 1213 619 1242 aut
635 1205 739 1243 bello
756 1205 909 1243 domuit
929 1213 995 1243 aut
1017 1206 1317 1244 condicionibus
1338 1206 1428 1244 iuris
1445 1206 1504 1244 sui
1519 1207 1620 1245 fecit.
1649 1223 1683 1254 ¹5

353 1270 506 1318 Corpus
537 1269 595 1307 sui
625 1269 908 1307 incustoditum
935 1275 1023 1307 ante
1051 1270 1199 1319 imperi,
1218 1270 1413 1320 perpetuis
1434 1271 1623 1309 exercitiis

298 1347 423 1383 paene
449 1335 499 1372 ad
524 1335 730 1372 Romanae
756 1333 986 1388 disciplinae
1015 1335 1180 1372 formam
1210 1335 1422 1381 redactum,
1446 1335 1554 1373 breui
1583 1336 1622 1373 in

298 1398 474 1437 eminens
496 1406 534 1436 et
554 1406 688 1437 nostro
709 1412 867 1449 quoque
887 1399 1051 1448 imperio
1073 1399 1291 1437 timendum
1319 1400 1497 1449 perduxit
1523 1401 1624 1439 fasti-

297 1462 403 1512 gium
429 1463 667 1512 gerebatque
694 1476 734 1500 se
761 1463 814 1500 ita
842 1464 1029 1501 aduersus
1052 1465 1266 1511 Romanos,
1290 1473 1331 1502 ut
1360 1478 1490 1514 neque
1520 1466 1623 1504 bello

298 1541 369 1566 nos
390 1529 588 1574 lacesseret,
609 1533 646 1564 et
661 1529 699 1565 si
714 1529 975 1574 lacesseretur,
999 1541 1200 1578 superesse
1221 1528 1294 1566 sibi
1314 1528 1394 1566 uim
1418 1543 1464 1567 ac
1488 1531 1624 1568 uolun-
1646 1546 1684 1567 20

298 1599 416 1629 tatem
434 1590 639 1629 resistendi
654 1593 866 1629 ostenderet.
908 1592 1033 1641 legati,
1050 1606 1148 1642 quos
1165 1592 1344 1631 mittebat
1359 1595 1409 1631 ad
1423 1595 1620 1642 Caesares,

339 1707 358 1733 4
384 1694 674 1725 Marcomanorum
690 1694 723 1724 P
789 1695 993 1725 Maraboduo
1010 1695 1043 1725 A
1143 1706 1162 1734 5
1188 1696 1247 1727 int.
1271 1695 1438 1728 Gelenius:
1463 1698 1621 1729 inferiora

295 1738 366 1768 ΑΡ
517 1738 690 1768 Hereiniae
706 1738 803 1768 siluae
820 1738 904 1770 AP:
939 1750 972 1769 -a
996 1750 1029 1769 -a
1044 1738 1203 1769 Heinsius
1358 1750 1373 1778 7
1399 1741 1514 1781 debet]
1533 1743 1568 1779 d3
1586 1743 1618 1771 A

295 1782 315 1811 8
340 1792 432 1820 preu.
459 1781 491 1810 A
629 1792 669 1812 10
692 1782 881 1820 parentium
906 1781 992 1813 BA:
1025 1787 1202 1821 parentum
1224 1782 1258 1812 P
1388 1793 1423 1813 11
1451 1785 1534 1823 copl.
1555 1785 1626 1815 ΑΡ

299 1835 337 1864 Ι3
361 1830 501 1864 propter
524 1824 612 1864 quod
632 1824 774 1863 Madutjg
794 1825 913 1855 delebat
929 1826 1085 1865 probante
1112 1825 1270 1865 Woelfflin
1294 1826 1426 1859 Archiv.
1444 1826 1519 1859 Lat.
1542 1827 1621 1859 Lex.

296 1868 316 1898 i.
339 1870 408 1906 163,
428 1873 531 1907 nuper
547 1868 723 1898 uz'ndicauit
737 1868 852 1899 Nova'k
987 1879 1024 1906 14
1049 1870 1123 1908 quis
1139 1868 1204 1898 ΒΑ
1220 1881 1227 1900 2
1263 1880 1348 1908 quos
1364 1870 1415 1900 P:
1449 1871 1526 1910 quis
1541 1882 1618 1903 corr.

295 1922 333 1941 ex
346 1922 430 1950 quos
447 1911 479 1940 A
569 1915 643 1940 ante
657 1913 732 1950 quis
749 1912 783 1942 in
799 1911 832 1940 A
851 1911 989 1941 deletum
1005 1915 1051 1942 est
1067 1913 1118 1942 his
1243 1914 1280 1942 16
1303 1914 1347 1943 sic
1361 1915 1500 1945 correxi:
1524 1925 1619 1945 suum

295 1955 448 1985 custodia
476 1960 544 1984 tum
569 1955 744 1993 imperium
771 1954 860 1984 AP:
895 1956 1099 1985 custoditum
1128 1957 1253 1995 ‘potius
1277 1957 1467 1996 legendum’
1494 1957 1620 1988 Burer:

296 1999 427 2037 Corpus
448 1998 499 2028 sui
522 1998 675 2028 custodia
697 2003 803 2029 tutum
823 1997 955 2037 imperii
971 1998 1149 2029 Heinsius:
1173 1999 1211 2031 C.
1229 2010 1327 2030 suum
1344 2001 1496 2031 custodia
1517 2002 1621 2032 tuitus

295 2041 448 2081 Sauppe:
477 2041 610 2080 Corpus
630 2042 681 2071 sui
705 2042 907 2072 custoditum
932 2042 1049 2080 imperi
1065 2042 1168 2078 Kritz,
1188 2053 1226 2072 ex
1239 2043 1337 2073 Floro
1354 2044 1396 2074 iv.
1414 2054 1443 2083 3.
1463 2053 1492 2082 5,
1516 2045 1621 2074 Tacito

294 2085 384 2115 Hist.
403 2085 422 2115 i.
447 2086 494 2123 16,
515 2083 632 2114 Seneca
654 2084 691 2114 de
710 2085 810 2115 Clem.
828 2085 861 2115 ii.
879 2096 899 2115 2
923 2085 1041 2115 adlatis
1063 2086 1136 2115 locis
1157 2086 1213 2115 ubi
1229 2096 1350 2125 corpus
1367 2087 1498 2125 imperii
1514 2088 1620 2118 eodem

297 2128 392 2158 modo
409 2128 528 2158 dicaam
545 2132 589 2157 est
606 2140 612 2157 :
638 2127 769 2167 Corpus
786 2139 883 2158 suum
906 2129 1167 2159 custodientium
1184 2129 1359 2168 imperium
1377 2129 1618 2171 Madutjgprob.

294 2171 402 2201 Halm
547 2181 586 2209 19
609 2172 815 2211 gerebatque
832 2172 877 2206 A,
904 2172 998 2202 rebat
1015 2172 1151 2202 deletum
1167 2176 1212 2202 est
1227 2174 1258 2202 in
1275 2173 1308 2202 A
1327 2177 1400 2203 ante
1417 2175 1620 2213 gerebatque

294 2224 336 2244 20
360 2215 555 2252 lacesseret,
571 2219 605 2244 at
621 2215 649 2244 si
670 2216 829 2254 suppleuit
850 2214 1033 2245 Rhenanus
1082 2229 1085 2231 >
1164 2226 1203 2246 21
1229 2217 1424 2247 ostenderet
1441 2217 1515 2248 add.
1534 2217 1620 2247 Βιιν-

296 2267 419 2289 mann:
446 2260 453 2274 ‘
467 2258 664 2294 declararet,
683 2259 734 2288 uel
755 2259 858 2288 simile
877 2259 1044 2298 quippiam
1066 2258 1115 2288 lu'c
1135 2259 1235 2289 deesse
1251 2259 1385 2291 ut'detur.
1426 2271 1506 2290 nam
1523 2261 1572 2290 hic
1586 2262 1619 2291 in

294 2302 470 2340 exemplari
482 2301 672 2331 lacunulam
685 2302 823 2331 omissae
834 2302 976 2332 dictzbnis
987 2302 1183 2342 offendimus
1193 2301 1200 2314 '
1216 2302 1399 2333 Rhenanus
1415 2315 1422 2333 :
1457 2309 1492 2334 ut
1509 2315 1619 2343 neque

297 2345 384 2374 bello
408 2355 469 2375 nos
497 2345 680 2375 lacesseret
703 2350 737 2374 et
761 2355 942 2384 superesse
966 2346 1027 2376 sibi
1052 2346 1118 2376 uim
1143 2356 1180 2376 ac
1205 2347 1412 2377 uoluntatem
1439 2348 1618 2378 resistendi

295 2389 490 2418 ostenderet
513 2387 609 2417 Kritz
625 2399 663 2417 ex
677 2388 754 2418 coni.
774 2388 990 2427 Rosenlnynii
1075 2389 1207 2429 legatos
1220 2391 1316 2430 prius
1331 2390 1363 2420 A
1455 2391 1619 2421 Caesares

295 2430 367 2461 Pet
382 2442 457 2462 corr.
478 2431 510 2461 A
526 2443 532 2462 ;
559 2431 738 2462 Caesarem
755 2432 787 2461 A
808 2443 851 2462 m.
866 2437 917 2472 pr.

928 2521 986 2551 118
