1799 2864
123 903 162 924 10

719 201 888 238 LIBER
919 202 960 238 II

182 311 376 350 interdum
394 320 434 349 ut
455 312 671 361 supplicem
692 312 1035 358 commendabant,
1054 313 1248 350 interdum
1271 321 1310 350 ut
1332 326 1400 362 pro
1422 313 1502 362 pari

182 376 450 425 loquebantur.
495 375 676 425 gentibus
697 375 1002 424 hominibusque
1021 389 1043 413 a
1064 376 1178 414 nobis
1194 376 1502 414 desciscentibus

182 448 262 477 erat
287 441 393 489 apud
422 453 510 477 eum
540 439 769 489 perfugium,
794 446 812 477 Ἰ·
828 448 1033 489 totumque
1060 453 1106 477 ex
1133 442 1233 478 male
1258 441 1501 478 dissimulato

180 505 318 554 agebat
337 505 535 542 aemulum
550 519 560 551 ,·
588 504 888 553 exercitumque,
907 518 1025 554 quem
1043 517 1125 541 Lxx
1147 505 1295 542 milium
1312 505 1500 554 peditum,

181 576 363 618 quattuor
387 568 561 617 equitum
589 570 741 615 fecerat,
764 568 937 606 adsiduis
964 570 1151 607 aduersus
1178 568 1364 607 finitimos
1392 569 1502 607 bellis

180 633 397 669 exercendo
427 632 562 670 maiori
592 646 721 682 quam,
744 634 852 682 quod
882 633 1062 679 habebat,
1089 633 1196 682 operi
1226 633 1501 682 praeparabat:

179 704 337 746 eratque
353 696 470 734 etiarn
487 710 534 735 eo
550 697 758 744 timendus,
777 699 885 746 quod
906 711 995 735 cum
1013 698 1263 736 Germaniam
1284 699 1334 736 ad
1351 699 1501 735 laeuam
1522 716 1537 744 ρ,

179 768 216 798 et
237 760 276 798 in
297 762 434 808 fronte,
458 762 702 800 Pannoniam
723 763 773 800 ad
794 764 979 809 dextram,
1002 776 1024 800 a
1045 770 1150 812 tergo
1172 762 1325 800 sedium
1346 776 1501 800 suarum

181 825 340 863 haberet
375 825 553 873 Noricos,
589 834 789 875 tamquam
819 826 859 863 in
889 840 1026 864 omnes
1056 840 1208 876 semper
1238 834 1424 864 uenturus
1453 827 1503 863 ab

181 889 365 927 omnibus
386 890 603 928 timebatur.
664 904 736 928 nec
757 904 932 928 securam
953 890 1183 928 incrementi
1203 890 1262 928 sui
1286 890 1504 940 patiebatur
1521 908 1541 935 4

180 967 265 992 esse
305 954 469 1001 Italiam,
503 955 649 1004 quippe
683 969 772 993 cum
811 969 834 993 a
871 955 1033 993 summis
1068 955 1228 1004 Alpium
1260 955 1368 1004 iugis,
1403 968 1503 1004 quae

179 1020 297 1057 finem
329 1019 464 1057 Italiae
494 1020 713 1067 terminant,
745 1020 898 1058 initium
928 1021 1042 1058 huius
1073 1020 1208 1058 finium
1239 1022 1345 1058 haud
1379 1021 1502 1057 multo

180 1085 266 1133 plus
300 1096 348 1122 CC
382 1084 538 1122 milibus
573 1098 758 1134 passuum
792 1085 956 1123 abesset.
1030 1086 1135 1122 hunc
1169 1084 1294 1122 uirum
1330 1092 1367 1122 et
1402 1086 1503 1122 hane
1524 1097 1539 1125 5

181 1149 379 1198 regionem
427 1150 603 1198 proximo
641 1163 746 1188 anno
785 1150 947 1188 diuersis
986 1164 1006 1188 e
1048 1150 1221 1199 partibus
1260 1149 1319 1187 Ti.
1361 1150 1505 1188 Caesar

181 1213 341 1263 adgredi
362 1214 502 1252 statuit.
545 1214 679 1252 Sentio
700 1215 908 1253 Saturnino
931 1216 1170 1261 mandatum,
1190 1222 1231 1252 ut
1251 1228 1319 1263 per
1340 1215 1504 1253 Chattos

180 1277 317 1316 excisis
338 1278 630 1316 continentibus
654 1279 875 1328 Hercyniae
896 1279 1002 1316 siluis
1023 1279 1195 1327 legiones
1218 1278 1503 1316 Boiohaemum

181 1342 237 1393 (id
267 1342 425 1391 regioni,
452 1356 569 1392 quam
600 1343 797 1381 incolebat
826 1344 1109 1389 Maroboduus,
1139 1356 1284 1380 nornen
1309 1342 1394 1392 est),
1421 1342 1504 1391 ipse

178 1420 201 1443 a
222 1407 435 1453 Carnunto,
459 1407 525 1456 qui
550 1409 658 1445 locus
689 1407 823 1445 Norici
852 1407 959 1457 regni
989 1407 1185 1456 proximus
1215 1408 1265 1445 ab
1295 1409 1368 1445 hac
1397 1415 1504 1456 parte

179 1479 269 1517 erat,
296 1471 518 1517 exercitum,
547 1471 613 1521 qui
644 1472 682 1509 in
715 1471 869 1520 Illyrico
900 1472 1083 1517 merebat,
1110 1472 1253 1509 ducere
1282 1471 1321 1508 in
1354 1473 1504 1509 Marco-

180 1549 345 1574 mannos
366 1550 475 1574 orsus
496 1544 563 1574 est.

235 1599 408 1649 Rumpit,
441 1599 636 1638 interdum
667 1609 838 1638 moratur
869 1600 1067 1649 proposita
1097 1599 1301 1637 hominum
1338 1601 1500 1638 fortuna.

179 1673 472 1715 praeparauerat
506 1665 581 1702 iam
616 1665 779 1703 hiberna
813 1666 957 1704 Caesar
986 1666 1036 1703 ad
1070 1664 1298 1702 Danubium
1328 1666 1504 1703 admoto-

178 1744 255 1780 que
281 1730 450 1768 exercitu
477 1744 557 1768 non
584 1732 670 1780 plus
698 1744 816 1779 quam
844 1730 1018 1779 quinque
1045 1729 1196 1768 dierum
1227 1729 1297 1767 iter
1319 1743 1342 1767 a
1370 1730 1503 1779 primis

178 1794 350 1832 hostium
393 1810 410 1829 >:<
445 1810 461 1829 *
504 1794 755 1832 Saturninum
798 1797 1010 1833 admouere
1052 1795 1089 1832 ei
1130 1795 1338 1843 placuerat,
1379 1808 1504 1843 paene

222 1908 241 1936 3
265 1901 436 1935 totumque
452 1896 540 1926 AF:
564 1902 722 1936 totusque
738 1897 914 1926 Heinsius:
950 1896 1033 1935 perf.
1054 1901 1170 1927 tutum.
1222 1897 1367 1934 denique
1392 1896 1506 1925 Haase

178 1951 197 1978 4
222 1950 266 1970 Lx
291 1939 322 1968 A
341 1952 348 1970 :
383 1940 437 1970 D?
463 1939 502 1977 P,
528 1944 562 1970 at
577 1940 685 1969 Bm‘cr
707 1946 763 1969 ‘ex
786 1940 927 1979 uestigiis
950 1944 1009 1970 uct.
1036 1939 1101 1970 cod.
1119 1943 1250 1978 apparet
1270 1946 1382 1970 ,LXAZ
1398 1940 1504 1978 sitisse

180 1994 269 2013 eraso
288 1987 319 2011 X
331 1983 517 2023 postem'om’
637 1993 655 2022 5
680 1988 823 2022 quatuor
840 1983 910 2012 AF
1021 1984 1040 2011 6
1065 1984 1119 2021 opi
1137 1983 1168 2011 A
1286 1993 1324 2012 10
1348 1983 1504 2012 tuebatur

180 2027 318 2058 delelnm
346 2031 391 2056 cst
415 2028 447 2056 in
473 2026 505 2056 A
533 2031 606 2056 ante
631 2028 809 2056 timebatur
957 2027 1095 2065 ingrem.
1123 2026 1154 2054 A
1313 2027 1441 2064 pacieb.
1469 2026 1499 2054 A

182 2081 220 2100 12
245 2072 342 2101 huius
368 2070 544 2100 Heinsius:
578 2070 673 2100 cuius
690 2070 780 2100 AB:
814 2070 886 2099 eius
910 2069 942 2099 P
1082 2080 1118 2108 13
1144 2079 1278 2108 passum
1295 2069 1326 2097 A
1466 2079 1502 2106 14

179 2114 251 2145 Tib.
270 2114 319 2146 P:
344 2114 380 2142 T.
399 2113 431 2142 A
569 2123 606 2151 15
631 2114 771 2143 Catthos
795 2112 865 2141 ΑΡ
997 2114 1035 2142 16
1061 2113 1307 2142 Botohaemum
1324 2112 1378 2144 A:
1406 2113 1504 2142 Boio-

180 2158 335 2189 hoemum
352 2156 403 2187 P:
432 2157 569 2186 duceret
585 2157 658 2188 add.
680 2156 828 2196 Lipsius:
856 2160 931 2195 post
947 2156 1034 2195 qnod
1048 2156 1195 2186 Dodwcll
1210 2156 1363 2185 lacunam
1385 2160 1502 2185 statne-

179 2201 241 2239 bat,
261 2213 326 2241 qna
343 2200 415 2230 belli
428 2201 558 2236 avitum,
578 2211 673 2239 quem
690 2211 765 2229 (um
783 2199 984 2229 Maroboduo
1000 2199 1140 2229 Tiberius
1154 2199 1308 2236 habuerit,
1327 2199 1505 2229 dz'stinclz'us

179 2245 379 2274 enarrauert't
396 2245 411 2279 ξ
430 2253 460 2281 3,
480 2248 515 2282 p.
533 2245 554 2272 6
577 2243 621 2274 cd.
640 2243 849 2273 Krausianae
1015 2243 1052 2272 18
1077 2253 1095 2272 a
1120 2243 1294 2272 Carnunto
1319 2241 1370 2272 P:
1400 2242 1503 2272 Acar-

180 2294 284 2318 nanto
301 2287 373 2324 del„
392 2286 461 2316 dein
478 2291 637 2326 suprascr.
652 2286 714 2316 Ae.
730 2286 892 2316 arnumho
906 2286 938 2314 A
1076 2296 1115 2324 19
1140 2286 1278 2316 duceret
1294 2285 1326 2314 A
1462 2296 1499 2315 21

180 2332 244 2363 iter
267 2333 344 2362 dum
368 2330 426 2360 A:
454 2330 593 2369 Rumpit
617 2330 794 2362 interdum.
822 2330 990 2359 interdum
1016 2340 1055 2359 m.
1081 2329 1258 2359 Heinsius:
1288 2328 1330 2359 R.
1352 2329 1411 2359 int.
1436 2339 1503 2359 ma-

179 2380 288 2405 turata
314 2385 360 2413 pr.
395 2373 612 2403 lVarlmrton:
634 2373 776 2412 sortasse
801 2373 914 2402 itidem
1091 2383 1130 2411 24
1155 2373 1270 2402 aberat
1294 2376 1327 2402 et
1352 2372 1503 2411 legiones

179 2419 279 2448 etiam
304 2427 387 2458 quas
415 2417 574 2456 suppleuit
597 2416 716 2456 Haupt
889 2416 1072 2446 admouere
1100 2417 1128 2446 ei
1158 2415 1296 2455 Haupt:
1329 2416 1502 2446 admoueri

179 2461 249 2492 ΑΡ
379 2470 476 2500 paene
493 2470 543 2499 eq.
564 2459 596 2490 A

807 2520 864 2552 119

1522 1615 1590 1640 110

1525 1811 1538 1830 2
