1799 2864
217 472 265 508 91

675 224 881 262 VELLEI
914 225 1232 263 PATERCVLI

282 335 393 373 bellis
425 348 640 384 numquam
672 342 917 382 uacauerant,
940 348 1009 373 eae
1035 335 1108 373 sub
1129 336 1173 375 C.
1197 334 1369 374 Antistio
1393 348 1440 374 ac
1459 334 1605 374 deinde

284 402 324 437 P.
348 399 443 438 Silio
463 401 589 449 legato
610 399 826 449 ceterisque
846 408 981 449 postea
1001 399 1117 438 etiam
1138 400 1348 438 latrociniis
1369 409 1562 439 uacarent.

339 466 446 502 Dum
477 472 636 514 pacatur
666 463 875 510 Occidens,
905 464 956 502 ab
986 464 1147 503 Oriente
1177 478 1222 503 ac
1255 479 1343 515 rege
1373 467 1605 505 Parthorum

283 528 392 578 signa
423 531 614 575 Romana,
646 542 746 578 quae
778 529 920 567 Crasso
946 541 1088 578 prenso
1115 530 1279 577 Orodes,
1302 544 1402 580 quae
1429 531 1606 569 Antonio

282 596 395 643 pulso
425 594 525 632 filius
557 594 639 632 eius
672 595 856 631 Prahates
886 602 1079 642 ceperant,
1108 596 1287 644 Augusto
1317 595 1476 634 remissa
1503 604 1602 634 sunt.

282 660 390 709 quod
411 672 631 708 cognomen
652 657 705 695 illi
727 657 810 695 uiro
832 656 966 695 Planci
987 657 1180 696 sententia
1199 672 1414 697 consensus
1435 659 1606 698 uniuersi

248 740 261 760 2
282 732 439 762 senatus
465 723 680 773 populique
709 722 880 760 Romani
907 721 1058 760 indidit.
1118 731 1226 761 erant
1250 731 1381 762 tamen
1402 725 1469 774 qui
1500 726 1606 763 hunc

281 788 547 826 felicissimum
570 795 712 825 statum
733 786 931 824 odissent:
962 786 1108 836 quippe
1131 789 1171 824 L.
1193 789 1360 826 Murena
1379 796 1417 827 et
1434 789 1606 827 Fannius

282 853 431 902 Caepio
463 851 626 890 diuersis
660 850 834 888 moribus
867 849 975 899 (nam
1008 852 1176 888 Murena
1206 851 1289 889 sine
1327 853 1402 890 hoc
1435 853 1607 891 facinore

280 918 407 968 potuit
423 916 547 954 uideri
560 916 699 962 bonus,
718 914 867 963 Caepio
883 921 921 952 et
936 915 1012 952 hoc
1032 919 1069 951 et
1084 922 1175 952 ante
1187 923 1267 953 erat
1286 915 1495 967 pessimus)
1516 931 1606 955 curn

282 983 444 1021 inissent
482 980 691 1020 occidendi
730 979 907 1019 Caesaris
952 979 1125 1026 consilia,
1165 981 1341 1030 oppressi
1379 982 1607 1021 auctoritate

245 1084 255 1092 ,
281 1047 449 1097 publica,
481 1047 589 1096 quod
618 1045 657 1082 ui
686 1046 813 1082 facere
842 1046 1057 1091 uoluerant,
1080 1044 1161 1083 iure
1190 1045 1293 1094 passi
1320 1054 1419 1084 sunt.
1478 1060 1608 1097 neque

281 1114 405 1150 multo
443 1119 532 1161 post
571 1111 698 1148 Rufus
738 1109 937 1159 EgnatiuS‚
976 1123 1046 1159 per
1083 1110 1216 1148 omnia
1252 1111 1455 1160 gladiatori
1489 1125 1607 1161 quam

280 1177 450 1216 senatori
479 1176 647 1226 propior,
670 1176 836 1213 collecto
865 1174 905 1212 in
934 1174 1131 1212 aedilitate
1157 1176 1290 1213 fauore
1319 1175 1465 1225 populi,
1488 1189 1605 1225 quem

282 1241 575 1291 exstinguendis
595 1239 747 1289 priuata
776 1238 922 1276 familia
947 1238 1140 1276 incendiis
1174 1238 1214 1276 in
1248 1239 1331 1277 dies
1365 1248 1532 1287 auxerat,
1565 1240 1604 1278 in

280 1314 433 1345 tantum
468 1305 641 1355 quidem,
676 1311 718 1342 ut
752 1303 787 1341 ei
819 1311 1039 1352 praeturam
1078 1303 1333 1351 continuaret,
1366 1318 1458 1343 mox
1490 1304 1607 1343 etiam

283 1372 531 1410 consulatum
551 1378 683 1419 petere
703 1382 831 1415 ausus,
855 1382 945 1406 cum
969 1376 1071 1406 esset
1098 1368 1206 1406 omni
1232 1369 1465 1418 flagitiorum
1493 1371 1610 1408 scele-

281 1449 447 1485 rumque
481 1433 723 1473 conscientia
760 1446 908 1471 mersus
947 1446 1020 1471 nec
1054 1433 1191 1471 melior
1228 1433 1282 1471 illi
1320 1447 1379 1472 res
1412 1434 1609 1472 familiaris

282 1514 401 1550 quam
423 1513 533 1537 mens
556 1500 695 1545 †foret,
710 1497 927 1547 adgregatis
948 1497 1153 1536 simillimis
1175 1498 1248 1536 sibi
1268 1498 1498 1537 interemere
1515 1500 1611 1538 Cae-

282 1579 407 1604 sarem
442 1564 585 1611 statuit,
618 1571 660 1601 ut
693 1576 773 1613 quo
811 1564 920 1601 saluo
954 1564 1084 1601 saluus
1123 1577 1207 1602 esse
1245 1578 1326 1602 non
1363 1572 1525 1614 poterat,
1561 1578 1609 1603 eo

244 1642 264 1670 4
283 1630 437 1668 sublato
476 1636 699 1667 moreretur.
769 1627 915 1677 quippe
949 1627 1003 1665 ita
1039 1641 1080 1666 se
1107 1642 1234 1666 mores
1265 1629 1423 1676 habent,
1451 1629 1610 1678 publica

283 1695 449 1746 quisque
470 1694 581 1732 ruina
601 1693 709 1731 malit
729 1692 909 1731 occidere
930 1706 1047 1743 quam
1075 1707 1145 1731 sua
1170 1694 1324 1743 proteri,
1346 1694 1452 1733 idem
1479 1708 1610 1744 passu-

282 1774 346 1798 rus
385 1760 514 1797 minus
552 1758 737 1808 conspici.
796 1771 925 1808 neque
963 1758 1026 1796 hic
1064 1758 1256 1808 prioribus
1294 1759 1334 1797 in
1373 1761 1610 1798 occultando

282 1825 431 1864 felicior
477 1824 558 1871 fuit,
598 1823 835 1873 abditusque
877 1837 1029 1862 carcere
1076 1838 1166 1862 curn
1214 1824 1381 1863 consciis
1428 1825 1609 1864 facinoris

283 1902 450 1932 mortem
472 1892 740 1942 dignissimam
762 1891 842 1930 uita
862 1906 930 1930 sua
951 1892 1058 1931 obiit.

330 2006 344 2026 1
371 2006 431 2025 eae
448 1994 499 2025 P:
515 1995 579 2024 hae
593 1994 625 2024 A
716 1994 864 2024 Antistio
879 1994 1044 2026 Gelenius:
1062 1994 1189 2024 Aristio
1202 1993 1273 2024 ΑΡ
1411 2003 1432 2033 3
1456 1994 1610 2033 pacasus

286 2039 495 2079 <pacaturus)
522 2038 567 2076 A,
591 2037 650 2067 sed
662 2048 716 2067 —us
752 2038 855 2067 multo
888 2038 1116 2067 minutiom'bus
1148 2038 1258 2067 lt'llen‘s
1440 2048 1460 2075 4
1485 2047 1610 2076 prenso

285 2083 415 2122 scripsi:
454 2091 583 2120 praesso
597 2081 629 2109 A
648 2093 655 2111 :
686 2081 864 2120 pressoP:
898 2091 1062 2120 oppresso
1089 2081 1236 2111 Gelenius
1410 2090 1429 2119 5
1447 2080 1611 2111 Prahates

285 2126 331 2164 A,
363 2126 444 2155 sicut
474 2125 507 2154 in
529 2124 665 2155 Mediceo
694 2124 764 2155 Tac.
798 2124 894 2155 Ann.
923 2125 955 2155 ii.
985 2135 997 2154 1
1025 2128 1053 2154 et
1075 2135 1094 2154 2
1122 2123 1298 2165 (Thomas)
1314 2135 1320 2155 :
1362 2123 1548 2154 Phrahates
1578 2123 1613 2154 P

285 2171 307 2199 6
331 2169 403 2199 uiro
419 2167 508 2198 AP:
531 2179 614 2198 uere
631 2168 795 2197 Ruhnken
811 2179 817 2197 :
841 2169 913 2198 iure
933 2167 1034 2198 Orelli
1192 2178 1213 2206 9
1237 2167 1345 2206 Cepio
1361 2167 1440 2205 ΑΡ,
1464 2171 1492 2196 et
1511 2168 1556 2197 sic
1571 2177 1611 2197 10

290 2224 329 2242 10
353 2217 387 2243 et
403 2213 468 2242 hoc
485 2216 564 2242 ante
581 2211 668 2241 AP:
692 2216 725 2241 et
741 2216 819 2241 ante
837 2212 900 2242 hoc
919 2212 1084 2242 Gelem‘usz
1108 2211 1261 2250 scripsiet
1277 2211 1341 2241 hoc
1359 2216 1392 2241 et
1409 2215 1487 2240 ante
1503 2210 1533 2241 h.
1547 2221 1569 2241 e.
1583 2215 1611 2240 et

286 2256 499 2295 lzocfacinore
519 2258 547 2284 et
561 2258 636 2285 ante
719 2265 753 2285 11
781 2255 921 2285 inissent
944 2254 996 2285 P:
1021 2254 1189 2294 i·r1iissent
1202 2253 1235 2283 A
1252 2255 1321 2293 (sic)
1407 2263 1444 2291 15
1462 2259 1531 2284 ext.
1543 2253 1614 2284 ΑΡ

290 2310 327 2338 17
347 2300 497 2329 omnium
510 2298 690 2328 Burmann
782 2299 820 2328 18
828 2299 972 2337 sonasse
985 2302 1062 2336 (nec
1077 2298 1194 2327 melior
1206 2298 1251 2327 illi
1264 2308 1317 2328 res
1329 2296 1499 2328 familiaris
1510 2307 1609 2335 quarn

288 2353 384 2373 mens
402 2342 536 2381 fuerat),
554 2345 589 2371 ut
604 2351 656 2380 95.
671 2352 690 2380 3
708 2341 792 2371 soret
807 2343 962 2381 scriptum
983 2345 1029 2371 est
1052 2342 1084 2371 in
1105 2341 1183 2379 AP,
1208 2351 1281 2370 cum
1303 2341 1455 2370 sententia
1470 2341 1612 2380 postulet

288 2387 396 2416 suerat
531 2395 570 2424 19
593 2385 737 2415 interim.
754 2384 826 2415 ΑΡ
954 2394 991 2414 21
1019 2385 1164 2425 publica]
1185 2389 1221 2414 ut
1237 2384 1311 2415 add.
1331 2383 1440 2413 Burer
1567 2393 1609 2414 22

287 2433 365 2469 prop
382 2428 449 2463 del.‚
466 2428 536 2458 dein
554 2429 679 2468 proteri
697 2428 730 2457 A
752 2429 818 2464 (sici
930 2433 964 2458 et
981 2428 1067 2459 idem
1084 2427 1118 2458 P
1245 2438 1286 2465 24
1309 2437 1443 2458 carcere
1459 2426 1588 2457 Krause
1602 2439 1609 2458 z

288 2473 413 2503 carceri
441 2472 530 2501 AP:
566 2472 691 2502 carceri
716 2471 902 2502 Rockwood
920 2473 1068 2502 seruauit
1090 2475 1217 2501 secutus
1240 2470 1397 2509 Neuium,
1419 2471 1481 2511 qui
1502 2470 1610 2501 altultt

288 2520 374 2548 Aen.
397 2516 427 2546 ii.
445 2525 510 2555 553
528 2516 624 2546 lateri
642 2516 770 2546 abdidit
788 2526 904 2546 ensem
923 2515 1102 2554 (Formenl.
1122 2515 1141 2546 i.
1160 2516 1237 2555 241)

925 2576 984 2607 104

1630 926 1668 948 10

1627 1250 1664 1282 Ῑ5

1631 1572 1670 1593 20
