1799 2864
642 193 1072 231 PROLEGOMENA

249 305 387 353 Itaque
400 317 452 353 ‘ex
479 304 538 341 ed.
563 303 687 341 Princ.
709 317 742 341 a.
771 315 880 353 1520,
903 317 993 341 cum
1014 303 1129 341 uariis
1153 304 1399 352 lectionibus,
1422 319 1518 355 quas

195 376 362 413 Burerus
413 388 458 412 ex
512 374 764 412 Murbacensi
817 374 991 412 enotauit
1037 374 1268 424 addiditque
1316 383 1516 425 tamquam

193 445 509 493 supplementum
543 444 884 493 appendicemque
911 443 1072 482 editioni
1104 444 1286 493 Principi,
1318 446 1518 493 pendebat

192 521 273 551 tota
302 513 408 552 crisis
437 514 629 552 Velleiani
663 514 790 563 operis
824 527 948 563 usque
977 515 1028 552 ad
1058 528 1206 551 annum
1241 516 1351 563 1834.
1423 516 1516 552 Non

191 597 270 633 quo
299 583 363 621 alii
384 598 462 622 non
491 584 632 622 fuerint
661 584 728 633 qui
760 584 1032 622 Murbacensis
1062 585 1287 633 apographa
1310 584 1519 622 uideantur

189 654 373 692 habuisse
387 669 398 701 3
437 668 603 704 quorum
652 655 752 692 duos
800 654 973 692 nomino.
1058 654 1166 692 Prior
1213 662 1271 692 est
1315 654 1519 692 Bernardi-

190 738 262 762 nus
303 724 483 771 Rutilius,
515 725 606 762 iuris
645 726 847 763 consultus
886 727 1129 774 1504—1538.
1191 726 1314 762 Hunc
1353 724 1516 763 Fuluius

190 794 352 832 Vrsinus
379 794 663 845 (1529-1600),
685 795 724 832 in
745 796 862 832 Nolis
889 796 943 831 ad
967 796 1202 843 Fragmenta
1231 795 1514 832 Ifi'storicomm

187 877 292 902 anno
318 876 414 914 1595
438 864 562 911 editis,
585 878 620 913 p.
645 876 733 914 415,
762 872 923 902 testatus
953 872 1010 902 est
1039 864 1079 902 in
1109 878 1180 902 suo
1210 864 1348 902 codice
1378 865 1517 903 substi-

187 934 307 972 tuisse
331 936 493 972 meribus
518 949 589 984 pro
610 936 827 972 muneribus
846 936 944 972 Vell.
968 934 1004 972 ii.
1029 937 1089 981 48.
1117 949 1135 972 2
1148 935 1326 984 perfectis
1352 936 1517 973 muneri—

187 1006 254 1041 bus
282 1006 431 1042 theatri.
493 1005 602 1043 Hinc
622 1005 786 1043 Vrsinus
807 1005 1033 1043 emendauit
1058 1006 1211 1043 moeniis
1236 1007 1299 1043 uel
1327 1007 1516 1043 moenibus

188 1074 239 1124 (p.
264 1074 368 1125 422).
429 1076 542 1123 Quae
563 1075 787 1113 coniectura
807 1075 896 1113 licet
923 1075 1140 1113 necessaria
1160 1089 1241 1113 non
1268 1075 1315 1113 sit
1338 1075 1513 1126 (munera

187 1145 291 1182 enim
321 1147 520 1194 absumpta
550 1147 633 1194 zgm'
650 1145 744 1183 dixit
765 1145 939 1183 Velleius
960 1145 995 1182 ii.
1024 1159 1107 1194 130.
1136 1145 1184 1195 1),
1207 1159 1228 1183 e
1258 1159 1351 1183 uero
1381 1153 1513 1184 tamen

186 1216 294 1253 fonte
324 1215 479 1253 uidetur
505 1217 667 1253 ductum
696 1215 791 1253 illud
821 1217 992 1262 merilms,
1022 1217 1183 1254 fortasse
1215 1229 1261 1254 ex
1289 1216 1375 1265 ipso
1409 1218 1515 1254 Mur-

187 1284 355 1322 bacensi.
416 1285 547 1323 Potuit
577 1285 681 1322 enim
708 1286 947 1323 uocabulum
977 1286 1054 1323 illic
1084 1286 1138 1323 sic
1168 1286 1354 1335 scriptum
1385 1294 1514 1324 extare

187 1363 228 1392 ut
248 1354 312 1392 alii
333 1356 559 1402 mzmeribus,
582 1355 645 1392 alii
667 1357 829 1393 merilms
848 1355 1053 1394 uideretur.

240 1425 408 1463 Alterius
425 1426 636 1475 apographi
658 1427 806 1464 mentio
826 1428 928 1464 facta
947 1435 1004 1465 est
1020 1441 1042 1465 a
1060 1429 1348 1466 Montfaucono
1370 1427 1515 1466 Biblio-

186 1497 285 1533 thec.
311 1496 643 1534 Bibliothecarum
665 1496 700 1534 ii.
724 1510 760 1545 p.
785 1511 885 1544 1014
902 1499 951 1543 D,
974 1497 1042 1534 ubi
1062 1497 1162 1535 inter
1182 1497 1301 1536 libros
1323 1498 1515 1537 Colberti-

186 1579 256 1603 nos
278 1565 317 1603 in
339 1566 462 1615 Regia
490 1566 695 1604 Parisiensi
722 1580 887 1605 numero
914 1567 1086 1616 signatus
1109 1570 1207 1617 6571
1231 1569 1363 1605 locurn
1394 1568 1513 1606 habet

196 1637 352 1673 Velleius
382 1638 610 1675 paterculus
638 1651 719 1674 [um
751 1639 848 1675 libro
879 1639 938 1675 M
934 1639 998 1676 SS
1026 1637 1114 1689 (sic)
1149 1640 1306 1676 collatus
1339 1652 1362 1675 a
1395 1640 1514 1677 Petro

183 1707 349 1744 pithoeo.
409 1708 486 1744 Sed
518 1707 581 1744 hic
615 1707 712 1745 liber
744 1707 897 1745 Pithoei
932 1722 1010 1746 una
1039 1722 1129 1746 cum
1164 1711 1263 1746 1600
1293 1709 1376 1746 aliis
1406 1723 1512 1747 anno

190 1789 285 1826 1732
322 1790 368 1814 ex
406 1777 645 1818 bibliotheca
684 1777 912 1816 Colbertina
945 1780 1151 1817 translatus
1181 1779 1220 1816 in
1254 1779 1510 1817 Tabularium

185 1847 429 1895 negotiorum
460 1855 678 1885 exterorum
710 1848 860 1898 (Depot
895 1850 963 1886 des
993 1849 1143 1887 affaires
1177 1848 1412 1900 e'trangeres)
1443 1863 1512 1899 per

184 1918 315 1955 turbas
358 1918 491 1956 ciuiles
531 1918 675 1956 saeculi
713 1919 802 1956 xviii
841 1919 1016 1957 exeuntis
1054 1920 1214 1969 periisse
1253 1920 1422 1958 creditur
1459 1921 1510 1958 ab

186 1988 323 2035 Hasio,
364 2002 481 2037 quem
522 1989 740 2027 Seebodius
784 1998 985 2038 rogauerat
1028 1998 1069 2028 ut
1117 2004 1207 2028 eum
1246 1990 1507 2040 inuestigaret,

184 2058 239 2095 uti
270 2066 431 2097 testatus
463 2067 520 2097 est
555 2059 723 2098 Orellius
758 2059 796 2097 in
836 2061 895 2098 ed.
933 2060 1058 2098 Vellei
1094 2060 1287 2110 Lipsiensi
1321 2075 1353 2099 a.
1396 2064 1507 2111 1835,

184 2141 218 2177 p.
242 2128 288 2166 xi.

237 2199 384 2237 Orellio
432 2200 596 2237 debetur
643 2201 751 2249 quod
799 2214 921 2238 unum
969 2202 1099 2238 adhuc
1151 2215 1270 2239 manu
1321 2201 1508 2250 scriptum

183 2277 357 2317 superest
378 2269 525 2307 codicis
554 2270 826 2308 Murbacensis
854 2272 1108 2321 apographon
1124 2286 1134 2319 3
1164 2271 1349 2321 scripturn
1377 2280 1508 2310 autem

183 2346 239 2376 est
288 2352 393 2377 anno
444 2342 541 2389 1516
580 2353 602 2377 a
642 2339 846 2378 Bonifacio
891 2342 1125 2379 Amerbach.
1201 2343 1293 2379 Hoc
1339 2342 1508 2380 Orellius

184 2409 359 2448 Basileae
398 2423 443 2448 ex
478 2410 717 2448 bibliotheca
755 2411 1005 2458 Academica,
1046 2411 1114 2450 ubi
1153 2411 1368 2459 delituerat,
1402 2426 1508 2451 anno

827 2481 861 2511 xi
