1799 2864
551 209 1009 248 COMMENTARIVS
1041 211 1302 249 CRITICVS

264 327 318 354 est
338 319 372 352 in
391 319 424 353 A
447 330 512 363 pro
531 331 617 353 uero
635 323 860 362 mutaturus,
880 319 956 354 siue
975 320 1024 354 sic
1044 320 1193 355 correxit
1214 320 1428 362 Rhenanus,
1448 320 1522 354 siue
1541 320 1588 354 ita

265 377 370 410 suitin
383 376 627 411 Murbacensi.
650 377 879 421 quiVossius
891 377 925 411 in
939 379 1000 411 cui
1013 378 1176 420 correxit,
1187 377 1285 422 quod
1299 389 1371 411 non
1385 384 1423 411 ut
1434 377 1588 411 Kritzius

264 435 493 468 indefinitum
524 435 643 469 habeo
673 435 817 479 (alicui)
852 435 918 469 sed
949 435 1161 477 relatiuu1n;
1201 435 1285 469 illud
1324 434 1589 469 dubitationem

266 500 400 535 mouet,
419 494 481 526 cui
493 504 539 526 an
552 495 642 537 quos
653 504 700 526 an
712 495 836 537 quiex
851 494 1041 527 Paterculo
1058 493 1206 527 uenerit.
1234 494 1333 526 Nam
1347 494 1415 536 qui
1426 491 1588 526 datiuum

266 551 405 585 habent
429 551 574 585 codices
599 551 730 585 Catulli
749 551 780 585 ii.
800 561 831 594 3,
849 551 941 585 xxiv.
965 559 994 594 5,
1014 550 1104 585 lxvii.
1124 559 1179 592 47,
1200 549 1343 584 Lucreti
1362 549 1407 584 iv.
1428 558 1481 594 51,
1496 550 1591 583 Var-

267 609 364 643 ronis
397 611 440 645 R.
467 610 510 644 R.
537 608 581 643 iii.
613 619 662 643 12.
692 619 704 642 1
729 610 900 653 primum
927 608 1057 650 locum,
1087 609 1155 652 qut¹
1182 611 1234 641 est
1248 608 1430 653 facultas,
1457 607 1590 652 ellgere'

266 670 416 711 oportet,
452 666 549 711 quod
583 666 803 700 simillimum
837 672 892 700 est
927 665 1010 699 huic
1042 667 1110 709 qui
1138 665 1335 699 Velleiano.
1403 665 1524 699 Etiam
1555 664 1589 697 in

268 725 342 760 Cic.
364 727 452 769 Rep.
472 725 517 759 iii.
537 734 586 759 11.
606 734 646 768 19
666 724 862 768 CVIQVE
881 723 978 768 quod
999 723 1096 767 prius
1116 729 1280 756 exararat
1300 723 1418 757 scriba
1438 722 1590 766 palimp-

266 782 351 817 sesti
382 789 463 827 post
495 788 697 816 correctum
733 788 787 815 est
823 781 859 814 in
895 781 1107 824 QVIQVE,
1142 786 1235 814 teste
1271 781 1331 814 Du
1366 780 1458 814 Rieu
1493 780 1589 824 apud

269 840 468 874 Halmium.

317 899 454 932 Contra
486 896 728 931 Thomasiurn
765 895 914 929 Halmio
948 895 1152 939 adstipulor
1180 898 1233 928 est
1262 902 1342 939 post
1377 899 1592 928 mutaturus

265 956 461 990 excidisse:
493 955 550 989 uix
577 955 735 989 dicturus
761 961 839 988 erat
865 955 927 987 cui
938 954 1141 999 fortunam
1168 957 1384 987 mutaturus
1408 953 1497 986 deus
1521 964 1592 986 non

267 1014 410 1048 adiecto
427 1018 479 1047 est
497 1014 554 1047 uel
571 1014 630 1047 sit.

316 1083 376 1115 119
396 1081 415 1105 2
435 1071 612 1105 exercitus
639 1070 803 1104 omnium
829 1069 1047 1104 fortissimus
1066 1097 1073 1104 .
1093 1097 1099 1104 .
1120 1097 1127 1104 .
1149 1070 1278 1103 Marco
1308 1068 1453 1103 reducis
1485 1072 1592 1106 (mar-

269 1142 352 1164 core
383 1129 485 1163 ducis
510 1128 558 1171 P)
592 1128 745 1173 perfidia
772 1127 887 1162 hostis
915 1127 1102 1172 iniquitate
1129 1127 1296 1161 fortunae
1326 1126 1594 1160 circumuentus

268 1199 351 1222 cum
366 1199 411 1221 ne
426 1186 613 1231 pugnandi
632 1186 778 1231 quidem
798 1185 943 1229 egredie
965 1186 1072 1228 (corr.
1084 1187 1123 1218 in
1141 1184 1298 1228 egregie)
1315 1191 1377 1218 aut
1392 1183 1594 1218 occasionis

268 1246 303 1279 in
323 1252 499 1290 quantum
518 1245 708 1278 uoluerant
728 1244 815 1278 data
838 1250 936 1278 esset
961 1243 1094 1276 {munis
1113 1242 1300 1286 castigatis
1318 1241 1427 1276 etiam
1446 1241 1596 1286 quibus-

269 1304 355 1337 dam
375 1303 477 1347 graui
495 1314 614 1347 poena
637 1301 697 1346 qui
715 1314 737 1335 a
761 1301 859 1346 (quia
876 1302 924 1345 P)
947 1300 1125 1335 Romanis
1143 1308 1178 1335 et
1196 1300 1306 1334 armis
1325 1307 1361 1334 et
1385 1299 1496 1333 animi
1521 1299 1594 1334 suis

268 1361 421 1396 fuissent
441 1389 447 1396 .
468 1389 475 1396 .
496 1388 503 1395 .
521 1360 721 1395 trucidatus
741 1367 805 1394 est.
825 1360 873 1394 A.

316 1418 462 1463 egredi&
478 1419 621 1452 Bru-er:
641 1417 784 1461 egregie
799 1418 843 1452 P.
886 1417 971 1462 quia
985 1416 1164 1450 Romanis
1177 1423 1212 1450 et
1224 1416 1333 1449 armis
1348 1422 1382 1449 et
1397 1414 1527 1449 animis
1541 1415 1596 1448 usi

268 1478 420 1512 fuissent
433 1477 486 1519 P;
507 1477 514 1492 ‘
529 1476 693 1520 suspicor
710 1476 906 1520 legendum
925 1475 987 1520 qui
1005 1487 1027 1508 a
1046 1474 1222 1508 Romanis
1239 1480 1274 1508 et
1289 1473 1398 1508 armis
1413 1480 1448 1507 et
1467 1472 1597 1506 animis

270 1535 336 1569 uisi
353 1534 514 1569 fuissent.
565 1540 603 1567 ut
621 1533 679 1567 hic
698 1534 848 1567 uerbum
867 1532 1016 1577 aliquod
1035 1533 1164 1566 deesse
1183 1531 1372 1565 uideatur!
1414 1531 1550 1564 ΒΖΜ-εν.

320 1594 376 1626 Ex
392 1592 517 1627 Bureri
532 1591 740 1626 testimonio
755 1598 790 1625 et
804 1590 1037 1625 Amerbachii
1052 1590 1168 1634 prima
1186 1601 1296 1623 manu
1313 1589 1441 1633 colligo
1455 1588 1599 1633 egredie

270 1653 326 1686 uel
352 1651 496 1696 egredi?
521 1650 609 1693 (non
636 1648 791 1695 qgrregse)
820 1648 941 1693 potius
966 1648 1083 1682 uisum
1109 1660 1190 1682 esse
1215 1648 1311 1692 quod
1341 1646 1597 1681 Murbacensis

271 1709 408 1743 habuit.
461 1709 544 1742 Hoc
563 1708 650 1752 quid
669 1707 783 1752 potuit
800 1718 883 1741 esse
901 1705 969 1740 nisi
992 1704 1236 1751 egredien[di]
1252 1707 1263 1738 ?
1308 1706 1354 1738 Et
1379 1704 1598 1738 confirmant

272 1767 340 1801 loci
367 1778 458 1811 quos
483 1777 526 1799 ex
552 1765 680 1799 Tacito
708 1766 866 1798 Caesare
895 1763 995 1797 Liuio
1021 1775 1095 1797 non
1122 1774 1259 1807 paucos
1285 1762 1404 1797 attulit
1432 1762 1599 1796 Kritzius.

273 1824 494 1858 Adiecerunt
513 1835 557 1856 ue
575 1821 727 1856 Vossius
754 1829 788 1856 et
817 1821 1010 1855 Maduicus
1026 1833 1033 1855 :
1063 1832 1134 1865 quo
1152 1828 1297 1865 recepto
1315 1820 1514 1854 delendum
1533 1819 1597 1853 erit

273 1886 360 1916 aut:
392 1880 552 1915 Haasius
571 1881 732 1914 malebat
751 1883 818 1913 aut
831 1879 1051 1924 egrediendi.
1088 1878 1287 1922 Sequentia
1300 1878 1350 1911 sic
1365 1877 1599 1911 emendanda

273 1951 426 1975 censeo:
453 1940 588 1973 occasio
606 1938 711 1983 712's[2']
732 1936 901 1981 1'72[i]qua
921 1937 998 1982 [uec
1015 1939 1054 1971 in
1073 1935 1274 1981 qua]ntum
1294 1937 1492 1970 uoluerant
1508 1935 1599 1968 data

273 2002 362 2032 esset
379 1999 554 2040 inmunis,
576 1998 642 2030 ‘no
667 1996 903 2040 opportunity
929 1995 1065 2038 having
1091 1995 1184 2028 been
1209 1994 1364 2028 allowed
1388 1994 1488 2028 them
1508 2005 1599 2027 even

274 2057 316 2090 of
337 2055 491 2099 fighting
516 2066 557 2087 or
582 2054 622 2089 of
644 2053 789 2097 leaving
815 2053 876 2087 the
904 2064 1012 2096 camp
1042 2059 1169 2097 except
1196 2052 1312 2086 under
1337 2051 1599 2085 unfavourable

274 2112 478 2148 conditions
496 2112 570 2146 and
589 2111 739 2146 without
758 2110 952 2154 immunity
970 2110 1195 2154 guaranteed
1221 2110 1321 2143 them
1341 2116 1377 2143 to
1394 2109 1454 2143 the
1478 2116 1600 2143 extent

276 2172 363 2215 they
390 2170 548 2205 wished.’
610 2170 784 2203 Inmunis
809 2168 939 2202 dicitur
964 2169 1099 2202 occasio
1125 2179 1218 2212 quae
1244 2168 1359 2202 libera
1383 2174 1479 2201 esset
1501 2174 1600 2201 metu

279 2228 466 2273 supplicii3
506 2227 604 2261 uelut
631 2227 661 2262 si
679 2233 850 2271 poscente
877 2233 1042 2270 tempore
1073 2225 1191 2259 subito
1222 2225 1474 2259 excedendum
1504 2232 1601 2259 esset

275 2286 405 2321 castris
423 2287 471 2320 ad
489 2285 728 2330 eruptionem,
747 2296 821 2318 non
839 2284 1024 2318 audebant
1041 2283 1164 2327 egredi
1179 2283 1262 2327 quia
1277 2283 1312 2317 id
1330 2283 1464 2328 inpune
1482 2283 1601 2317 facere

276 2356 350 2379 non
369 2344 499 2378 licebat
516 2349 551 2377 et
572 2342 772 2377 inminebat
792 2353 910 2386 poena
928 2348 1118 2385 tamquam
1136 2341 1268 2375 delicti.

325 2402 448 2437 Verba
462 2403 530 2446 qui
544 2414 567 2435 ιι
581 2401 761 2434 Romanis
777 2404 812 2433 et
828 2400 948 2433 armis
961 2403 995 2432 et
1007 2400 1130 2432 <mimi
1139 2401 1217 2433 suis
1231 2400 1384 2441 (animis
1396 2399 1456 2432 usi
1471 2398 1601 2439 Rhen.‚

277 2461 414 2493 animis
440 2461 518 2494 uisi
543 2458 670 2502 Burer)
691 2457 865 2492 audacius
891 2457 1047 2491 fortasse
1074 2456 1124 2491 sic
1151 2456 1311 2501 corrigas
1329 2457 1419 2501 quia
1442 2456 1606 2489 Romam·

911 2521 972 2553 186
