<?xml version="1.0" encoding="UTF-8"?>
<!DOCTYPE html PUBLIC "-//W3C//DTD XHTML 1.0 Transitional//EN"
    "http://www.w3.org/TR/xhtml1/DTD/xhtml1-transitional.dtd">
<html xmlns="http://www.w3.org/1999/xhtml" xml:lang="en" lang="en">
 <head>
  <title>
</title>
<meta http-equiv="Content-Type" content="text/html;charset=utf-8" />
  <meta name='ocr-system' content='tesseract 3.04.00' />
  <meta name='ocr-capabilities' content='ocr_page ocr_carea ocr_par ocr_line ocrx_word'/>
</head>
<body>
  <div class='ocr_page' id='page_1' title='image "admvinciumlibrid00velluoft_0063.png"; bbox 0 0 1799 2864; ppageno 0'>
   <div class='ocr_carea' id='block_1_1' title="bbox 126 655 141 685">
    <p class='ocr_par' dir='ltr' id='par_1_1' title="bbox 126 655 141 685">
     <span class='ocr_line' id='line_1_1' title="bbox 126 655 141 685; baseline 0 0"><span class='ocrx_word' id='word_1_1' title='bbox 126 655 141 685; x_wconf 86' lang='lat'>5</span> 
     </span>
    </p>
   </div>
   <div class='ocr_carea' id='block_1_2' title="bbox 105 977 143 999">
    <p class='ocr_par' dir='ltr' id='par_1_2' title="bbox 105 977 143 999">
     <span class='ocr_line' id='line_1_2' title="bbox 105 977 143 999; baseline -0.026 0"><span class='ocrx_word' id='word_1_2' title='bbox 105 977 143 999; x_wconf 88' lang='grc'>10</span> 
     </span>
    </p>
   </div>
   <div class='ocr_carea' id='block_1_3' title="bbox 103 1622 141 1643">
    <p class='ocr_par' dir='ltr' id='par_1_3' title="bbox 103 1622 141 1643">
     <span class='ocr_line' id='line_1_3' title="bbox 103 1622 141 1643; baseline 0 0"><span class='ocrx_word' id='word_1_3' title='bbox 103 1622 141 1643; x_wconf 85' lang='grc'>20</span> 
     </span>
    </p>
   </div>
   <div class='ocr_carea' id='block_1_4' title="bbox 700 269 947 306">
    <p class='ocr_par' dir='ltr' id='par_1_4' title="bbox 700 269 947 306">
     <span class='ocr_line' id='line_1_4' title="bbox 700 269 947 306; baseline 0.004 -1"><span class='ocrx_word' id='word_1_4' title='bbox 700 269 869 306; x_wconf 91' lang='lat' dir='ltr'>LIBER</span> <span class='ocrx_word' id='word_1_5' title='bbox 906 269 947 306; x_wconf 92' lang='lat' dir='ltr'>II</span> 
     </span>
    </p>
   </div>
   <div class='ocr_carea' id='block_1_5' title="bbox 159 377 1544 1918">
    <p class='ocr_par' dir='ltr' id='par_1_5' title="bbox 160 377 1482 562">
     <span class='ocr_line' id='line_1_5' title="bbox 161 377 1482 427; baseline -0.004 -7"><span class='ocrx_word' id='word_1_6' title='bbox 161 389 198 420; x_wconf 86' lang='lat' dir='ltr'>et</span> <span class='ocrx_word' id='word_1_7' title='bbox 231 380 327 419; x_wconf 89' lang='lat' dir='ltr'>ciuis</span> <span class='ocrx_word' id='word_1_8' title='bbox 358 382 561 418; x_wconf 89' lang='lat' dir='ltr'>Romanos</span> <span class='ocrx_word' id='word_1_9' title='bbox 590 379 641 417; x_wconf 90' lang='lat' dir='ltr'>ad</span> <span class='ocrx_word' id='word_1_10' title='bbox 670 380 913 417; x_wconf 85' lang='lat' dir='ltr'>censendum</span> <span class='ocrx_word' id='word_1_11' title='bbox 943 392 989 416; x_wconf 90' lang='lat' dir='ltr'>ex</span> <span class='ocrx_word' id='word_1_12' title='bbox 1018 377 1228 427; x_wconf 87' lang='lat' dir='ltr'>prouinciis</span> <span class='ocrx_word' id='word_1_13' title='bbox 1258 377 1297 415; x_wconf 87' lang='lat' dir='ltr'>in</span> <span class='ocrx_word' id='word_1_14' title='bbox 1329 377 1482 415; x_wconf 88' lang='lat' dir='ltr'>Italiam</span> 
     </span>
     <span class='ocr_line' id='line_1_6' title="bbox 160 444 1482 495; baseline -0.004 -9"><span class='ocrx_word' id='word_1_15' title='bbox 160 454 449 486; x_wconf 89' lang='lat' dir='ltr'>reuocauerant.</span> <span class='ocrx_word' id='word_1_16' title='bbox 507 445 631 495; x_wconf 91' lang='lat' dir='ltr'>prima</span> <span class='ocrx_word' id='word_1_17' title='bbox 650 453 782 483; x_wconf 90' lang='lat' dir='ltr'>autem</span> <span class='ocrx_word' id='word_1_18' title='bbox 806 453 911 483; x_wconf 85' lang='lat' dir='ltr'>extra</span> <span class='ocrx_word' id='word_1_19' title='bbox 932 445 1085 483; x_wconf 88' lang='lat' dir='ltr'>Italiam</span> <span class='ocrx_word' id='word_1_20' title='bbox 1112 444 1267 483; x_wconf 89' lang='lat' dir='ltr'>colonia</span> <span class='ocrx_word' id='word_1_21' title='bbox 1288 445 1482 493; x_wconf 89' lang='lat' dir='ltr'>Carthago</span> 
     </span>
     <span class='ocr_line' id='line_1_7' title="bbox 161 508 426 562; baseline -0.004 -13"><span class='ocrx_word' id='word_1_22' title='bbox 161 511 320 550; x_wconf 87' lang='lat' dir='ltr'>condita</span> <span class='ocrx_word' id='word_1_23' title='bbox 340 508 426 562; x_wconf 64' lang='lat' dir='ltr'>est]</span> 
     </span>
    </p>

    <p class='ocr_par' dir='ltr' id='par_1_6' title="bbox 159 573 1544 1918">
     <span class='ocr_line' id='line_1_8' title="bbox 216 573 1544 623; baseline -0.002 -10"><span class='ocrx_word' id='word_1_24' title='bbox 216 577 325 614; x_wconf 91' lang='lat' dir='ltr'>Mors</span> <span class='ocrx_word' id='word_1_25' title='bbox 365 573 483 612; x_wconf 87' lang='lat' dir='ltr'>Drusi</span> <span class='ocrx_word' id='word_1_26' title='bbox 527 574 603 612; x_wconf 92' lang='lat' dir='ltr'>iam</span> <span class='ocrx_word' id='word_1_27' title='bbox 646 574 796 623; x_wconf 83' lang='lat' dir='ltr'>pridem</span> <span class='ocrx_word' id='word_1_28' title='bbox 842 582 1065 612; x_wconf 90' lang='lat' dir='ltr'>tumescens</span> <span class='ocrx_word' id='word_1_29' title='bbox 1109 574 1256 612; x_wconf 91' lang='lat' dir='ltr'>bellum</span> <span class='ocrx_word' id='word_1_30' title='bbox 1302 573 1483 612; x_wconf 81' lang='lat' dir='ltr'>excitauit</span> <span class='ocrx_word' id='word_1_31' title='bbox 1502 583 1544 621; x_wconf 91' lang='lat'>15</span> 
     </span>
     <span class='ocr_line' id='line_1_9' title="bbox 163 638 1483 689; baseline -0.002 -11"><span class='ocrx_word' id='word_1_32' title='bbox 163 640 342 678; x_wconf 90' lang='lat' dir='ltr'>Italicum</span> <span class='ocrx_word' id='word_1_33' title='bbox 361 654 370 687; x_wconf 79' lang='lat'>3</span> <span class='ocrx_word' id='word_1_34' title='bbox 417 639 563 689; x_wconf 86' lang='lat' dir='ltr'>quippe</span> <span class='ocrx_word' id='word_1_35' title='bbox 609 641 650 677; x_wconf 94' lang='lat' dir='ltr'>L.</span> <span class='ocrx_word' id='word_1_36' title='bbox 693 641 860 678; x_wconf 82' lang='lat' dir='ltr'>Caesare</span> <span class='ocrx_word' id='word_1_37' title='bbox 901 647 939 677; x_wconf 89' lang='lat' dir='ltr'>et</span> <span class='ocrx_word' id='word_1_38' title='bbox 978 641 1018 677; x_wconf 89' lang='lat' dir='ltr'>P.</span> <span class='ocrx_word' id='word_1_39' title='bbox 1068 639 1217 677; x_wconf 88' lang='lat' dir='ltr'>Rutilio</span> <span class='ocrx_word' id='word_1_40' title='bbox 1255 638 1483 677; x_wconf 89' lang='lat' dir='ltr'>consulibus</span> 
     </span>
     <span class='ocr_line' id='line_1_10' title="bbox 159 703 1483 751; baseline -0.002 -9"><span class='ocrx_word' id='word_1_41' title='bbox 159 704 304 742; x_wconf 88' lang='lat' dir='ltr'>abhinc</span> <span class='ocrx_word' id='word_1_42' title='bbox 348 704 462 742; x_wconf 90' lang='lat' dir='ltr'>annis</span> <span class='ocrx_word' id='word_1_43' title='bbox 505 716 600 750; x_wconf 86' lang='lat' dir='ltr'>cxx,</span> <span class='ocrx_word' id='word_1_44' title='bbox 641 704 822 742; x_wconf 86' lang='lat' dir='ltr'>uniuersa</span> <span class='ocrx_word' id='word_1_45' title='bbox 868 704 990 751; x_wconf 83' lang='lat' dir='ltr'>Italia,</span> <span class='ocrx_word' id='word_1_46' title='bbox 1032 718 1122 742; x_wconf 89' lang='lat' dir='ltr'>cum</span> <span class='ocrx_word' id='word_1_47' title='bbox 1164 704 1204 742; x_wconf 92' lang='lat' dir='ltr'>id</span> <span class='ocrx_word' id='word_1_48' title='bbox 1249 705 1395 741; x_wconf 89' lang='lat' dir='ltr'>malum</span> <span class='ocrx_word' id='word_1_49' title='bbox 1434 703 1483 740; x_wconf 90' lang='lat' dir='ltr'>ab</span> 
     </span>
     <span class='ocr_line' id='line_1_11' title="bbox 161 767 1486 819; baseline -0.001 -13"><span class='ocrx_word' id='word_1_50' title='bbox 161 768 368 806; x_wconf 90' lang='lat' dir='ltr'>Asculanis</span> <span class='ocrx_word' id='word_1_51' title='bbox 389 776 517 807; x_wconf 85' lang='lat' dir='ltr'>ortum</span> <span class='ocrx_word' id='word_1_52' title='bbox 538 776 639 806; x_wconf 90' lang='lat' dir='ltr'>esset</span> <span class='ocrx_word' id='word_1_53' title='bbox 665 769 827 819; x_wconf 82' lang='lat' dir='ltr'>(quippe</span> <span class='ocrx_word' id='word_1_54' title='bbox 855 768 1061 807; x_wconf 87' lang='lat' dir='ltr'>Seruilium</span> <span class='ocrx_word' id='word_1_55' title='bbox 1088 776 1306 818; x_wconf 77' lang='lat' dir='ltr'>praetorem</span> <span class='ocrx_word' id='word_1_56' title='bbox 1333 767 1486 806; x_wconf 88' lang='lat' dir='ltr'>Fontei—</span> 
     </span>
     <span class='ocr_line' id='line_1_12' title="bbox 161 833 1484 883; baseline -0.002 -12"><span class='ocrx_word' id='word_1_57' title='bbox 161 846 307 882; x_wconf 89' lang='lat' dir='ltr'>umque</span> <span class='ocrx_word' id='word_1_58' title='bbox 337 834 506 882; x_wconf 82' lang='lat' dir='ltr'>legatum</span> <span class='ocrx_word' id='word_1_59' title='bbox 536 833 777 883; x_wconf 84' lang='lat' dir='ltr'>occiderant)</span> <span class='ocrx_word' id='word_1_60' title='bbox 807 847 852 871; x_wconf 90' lang='lat' dir='ltr'>ac</span> <span class='ocrx_word' id='word_1_61' title='bbox 882 834 1026 872; x_wconf 90' lang='lat' dir='ltr'>deinde</span> <span class='ocrx_word' id='word_1_62' title='bbox 1055 847 1078 871; x_wconf 88' lang='lat' dir='ltr'>a</span> <span class='ocrx_word' id='word_1_63' title='bbox 1108 833 1248 871; x_wconf 83' lang='lat' dir='ltr'>Marsis</span> <span class='ocrx_word' id='word_1_64' title='bbox 1279 840 1484 882; x_wconf 82' lang='lat' dir='ltr'>exceptum</span> 
     </span>
     <span class='ocr_line' id='line_1_13' title="bbox 161 897 1485 947; baseline 0 -13"><span class='ocrx_word' id='word_1_65' title='bbox 161 897 200 934; x_wconf 93' lang='lat' dir='ltr'>in</span> <span class='ocrx_word' id='word_1_66' title='bbox 239 897 367 935; x_wconf 93' lang='lat' dir='ltr'>omnis</span> <span class='ocrx_word' id='word_1_67' title='bbox 405 905 645 946; x_wconf 81' lang='lat' dir='ltr'>penetrasset</span> <span class='ocrx_word' id='word_1_68' title='bbox 683 898 870 947; x_wconf 81' lang='lat' dir='ltr'>regiones,</span> <span class='ocrx_word' id='word_1_69' title='bbox 910 912 1017 935; x_wconf 90' lang='lat' dir='ltr'>arma</span> <span class='ocrx_word' id='word_1_70' title='bbox 1054 899 1241 936; x_wconf 88' lang='lat' dir='ltr'>aduersus</span> <span class='ocrx_word' id='word_1_71' title='bbox 1281 899 1485 935; x_wconf 84' lang='lat' dir='ltr'>Romanos</span> 
     </span>
     <span class='ocr_line' id='line_1_14' title="bbox 162 961 1521 1012; baseline -0.001 -13"><span class='ocrx_word' id='word_1_72' title='bbox 162 961 274 1011; x_wconf 88' lang='lat' dir='ltr'>cepit.</span> <span class='ocrx_word' id='word_1_73' title='bbox 335 975 501 1012; x_wconf 91' lang='lat' dir='ltr'>quorum</span> <span class='ocrx_word' id='word_1_74' title='bbox 531 970 572 999; x_wconf 93' lang='lat' dir='ltr'>ut</span> <span class='ocrx_word' id='word_1_75' title='bbox 602 963 756 1000; x_wconf 90' lang='lat' dir='ltr'>fortuna</span> <span class='ocrx_word' id='word_1_76' title='bbox 784 970 902 1009; x_wconf 85' lang='lat' dir='ltr'>atrox,</span> <span class='ocrx_word' id='word_1_77' title='bbox 928 962 981 1000; x_wconf 89' lang='lat' dir='ltr'>ita</span> <span class='ocrx_word' id='word_1_78' title='bbox 1010 976 1127 1000; x_wconf 90' lang='lat' dir='ltr'>causa</span> <span class='ocrx_word' id='word_1_79' title='bbox 1155 962 1226 1000; x_wconf 88' lang='lat' dir='ltr'>fuit</span> <span class='ocrx_word' id='word_1_80' title='bbox 1252 961 1485 999; x_wconf 86' lang='lat' dir='ltr'>iustissima:</span> <span class='ocrx_word' id='word_1_81' title='bbox 1508 979 1521 998; x_wconf 84' lang='lat'>2</span> 
     </span>
     <span class='ocr_line' id='line_1_15' title="bbox 161 1027 1485 1077; baseline -0.001 -13"><span class='ocrx_word' id='word_1_82' title='bbox 161 1027 348 1076; x_wconf 85' lang='lat' dir='ltr'>petebant</span> <span class='ocrx_word' id='word_1_83' title='bbox 382 1027 487 1065; x_wconf 89' lang='lat' dir='ltr'>enim</span> <span class='ocrx_word' id='word_1_84' title='bbox 521 1040 607 1065; x_wconf 87' lang='lat' dir='ltr'>eam</span> <span class='ocrx_word' id='word_1_85' title='bbox 643 1027 853 1075; x_wconf 87' lang='lat' dir='ltr'>ciuitatem,</span> <span class='ocrx_word' id='word_1_86' title='bbox 885 1028 994 1066; x_wconf 91' lang='lat' dir='ltr'>cuius</span> <span class='ocrx_word' id='word_1_87' title='bbox 1025 1027 1231 1077; x_wconf 87' lang='lat' dir='ltr'>imperium</span> <span class='ocrx_word' id='word_1_88' title='bbox 1261 1027 1376 1065; x_wconf 88' lang='lat' dir='ltr'>armis</span> <span class='ocrx_word' id='word_1_89' title='bbox 1407 1034 1485 1064; x_wconf 82' lang='lat' dir='ltr'>tue-</span> 
     </span>
     <span class='ocr_line' id='line_1_16' title="bbox 161 1091 1485 1142; baseline -0.001 -13"><span class='ocrx_word' id='word_1_90' title='bbox 161 1091 324 1129; x_wconf 84' lang='lat' dir='ltr'>bantur:</span> <span class='ocrx_word' id='word_1_91' title='bbox 355 1105 423 1141; x_wconf 88' lang='lat' dir='ltr'>per</span> <span class='ocrx_word' id='word_1_92' title='bbox 443 1091 570 1130; x_wconf 88' lang='lat' dir='ltr'>omnis</span> <span class='ocrx_word' id='word_1_93' title='bbox 591 1106 715 1131; x_wconf 85' lang='lat' dir='ltr'>annos</span> <span class='ocrx_word' id='word_1_94' title='bbox 736 1101 854 1142; x_wconf 78' lang='lat' dir='ltr'>atque</span> <span class='ocrx_word' id='word_1_95' title='bbox 875 1093 1008 1131; x_wconf 91' lang='lat' dir='ltr'>omnia</span> <span class='ocrx_word' id='word_1_96' title='bbox 1028 1093 1130 1131; x_wconf 88' lang='lat' dir='ltr'>bella</span> <span class='ocrx_word' id='word_1_97' title='bbox 1150 1091 1297 1141; x_wconf 78' lang='lat' dir='ltr'>duplici</span> <span class='ocrx_word' id='word_1_98' title='bbox 1322 1104 1485 1129; x_wconf 87' lang='lat' dir='ltr'>numero</span> 
     </span>
     <span class='ocr_line' id='line_1_17' title="bbox 161 1155 1484 1207; baseline -0.001 -14"><span class='ocrx_word' id='word_1_99' title='bbox 161 1169 201 1194; x_wconf 90' lang='lat' dir='ltr'>se</span> <span class='ocrx_word' id='word_1_100' title='bbox 240 1156 408 1194; x_wconf 85' lang='lat' dir='ltr'>militum</span> <span class='ocrx_word' id='word_1_101' title='bbox 443 1157 699 1207; x_wconf 84' lang='lat' dir='ltr'>equitumque</span> <span class='ocrx_word' id='word_1_102' title='bbox 733 1157 841 1207; x_wconf 87' lang='lat' dir='ltr'>fungi</span> <span class='ocrx_word' id='word_1_103' title='bbox 874 1171 1003 1207; x_wconf 90' lang='lat' dir='ltr'>neque</span> <span class='ocrx_word' id='word_1_104' title='bbox 1037 1157 1076 1195; x_wconf 91' lang='lat' dir='ltr'>in</span> <span class='ocrx_word' id='word_1_105' title='bbox 1111 1157 1193 1195; x_wconf 91' lang='lat' dir='ltr'>eius</span> <span class='ocrx_word' id='word_1_106' title='bbox 1227 1155 1394 1194; x_wconf 88' lang='lat' dir='ltr'>ciuitatis</span> <span class='ocrx_word' id='word_1_107' title='bbox 1426 1155 1484 1193; x_wconf 90' lang='lat' dir='ltr'>ius</span> 
     </span>
     <span class='ocr_line' id='line_1_18' title="bbox 160 1220 1486 1272; baseline 0 -15"><span class='ocrx_word' id='word_1_108' title='bbox 160 1220 290 1270; x_wconf 84' lang='lat' dir='ltr'>recipi,</span> <span class='ocrx_word' id='word_1_109' title='bbox 314 1234 414 1270; x_wconf 90' lang='lat' dir='ltr'>quae</span> <span class='ocrx_word' id='word_1_110' title='bbox 438 1235 506 1270; x_wconf 92' lang='lat' dir='ltr'>per</span> <span class='ocrx_word' id='word_1_111' title='bbox 532 1236 599 1260; x_wconf 91' lang='lat' dir='ltr'>eos</span> <span class='ocrx_word' id='word_1_112' title='bbox 629 1222 667 1260; x_wconf 90' lang='lat' dir='ltr'>in</span> <span class='ocrx_word' id='word_1_113' title='bbox 698 1222 737 1260; x_wconf 91' lang='lat' dir='ltr'>id</span> <span class='ocrx_word' id='word_1_114' title='bbox 764 1222 892 1272; x_wconf 89' lang='lat' dir='ltr'>ipsum</span> <span class='ocrx_word' id='word_1_115' title='bbox 919 1222 1160 1272; x_wconf 88' lang='lat' dir='ltr'>peruenisset</span> <span class='ocrx_word' id='word_1_116' title='bbox 1189 1221 1396 1270; x_wconf 84' lang='lat' dir='ltr'>fastigium,</span> <span class='ocrx_word' id='word_1_117' title='bbox 1418 1234 1486 1269; x_wconf 91' lang='lat' dir='ltr'>per</span> 
     </span>
     <span class='ocr_line' id='line_1_19' title="bbox 161 1286 1485 1336; baseline -0.001 -13"><span class='ocrx_word' id='word_1_118' title='bbox 161 1286 270 1334; x_wconf 91' lang='lat' dir='ltr'>quod</span> <span class='ocrx_word' id='word_1_119' title='bbox 304 1286 484 1324; x_wconf 89' lang='lat' dir='ltr'>homines</span> <span class='ocrx_word' id='word_1_120' title='bbox 515 1287 691 1325; x_wconf 85' lang='lat' dir='ltr'>eiusdem</span> <span class='ocrx_word' id='word_1_121' title='bbox 721 1295 759 1325; x_wconf 92' lang='lat' dir='ltr'>et</span> <span class='ocrx_word' id='word_1_122' title='bbox 787 1287 912 1336; x_wconf 88' lang='lat' dir='ltr'>gentis</span> <span class='ocrx_word' id='word_1_123' title='bbox 942 1295 979 1325; x_wconf 86' lang='lat' dir='ltr'>et</span> <span class='ocrx_word' id='word_1_124' title='bbox 1009 1286 1206 1336; x_wconf 85' lang='lat' dir='ltr'>sanguinis</span> <span class='ocrx_word' id='word_1_125' title='bbox 1236 1294 1277 1323; x_wconf 87' lang='lat' dir='ltr'>ut</span> <span class='ocrx_word' id='word_1_126' title='bbox 1307 1293 1485 1323; x_wconf 81' lang='lat' dir='ltr'>externos</span> 
     </span>
     <span class='ocr_line' id='line_1_20' title="bbox 159 1349 1523 1400; baseline 0.001 -14"><span class='ocrx_word' id='word_1_127' title='bbox 159 1349 388 1400; x_wconf 87' lang='lat' dir='ltr'>alienosque</span> <span class='ocrx_word' id='word_1_128' title='bbox 420 1351 591 1389; x_wconf 87' lang='lat' dir='ltr'>fastidire</span> <span class='ocrx_word' id='word_1_129' title='bbox 625 1360 766 1400; x_wconf 90' lang='lat' dir='ltr'>posset.</span> <span class='ocrx_word' id='word_1_130' title='bbox 826 1351 865 1390; x_wconf 89' lang='lat' dir='ltr'>id</span> <span class='ocrx_word' id='word_1_131' title='bbox 900 1352 1046 1390; x_wconf 83' lang='lat' dir='ltr'>bellum</span> <span class='ocrx_word' id='word_1_132' title='bbox 1077 1351 1244 1400; x_wconf 89' lang='lat' dir='ltr'>amplius</span> <span class='ocrx_word' id='word_1_133' title='bbox 1274 1362 1347 1388; x_wconf 86' lang='lat' dir='ltr'>ccc</span> <span class='ocrx_word' id='word_1_134' title='bbox 1377 1352 1485 1388; x_wconf 80' lang='lat' dir='ltr'>milia</span> <span class='ocrx_word' id='word_1_135' title='bbox 1507 1369 1523 1398; x_wconf 99' lang='lat'>3</span> 
     </span>
     <span class='ocr_line' id='line_1_21' title="bbox 160 1413 1485 1464; baseline 0.001 -13"><span class='ocrx_word' id='word_1_136' title='bbox 160 1413 373 1452; x_wconf 87' lang='lat' dir='ltr'>iuuentutis</span> <span class='ocrx_word' id='word_1_137' title='bbox 410 1415 568 1454; x_wconf 85' lang='lat' dir='ltr'>Italicae</span> <span class='ocrx_word' id='word_1_138' title='bbox 601 1416 770 1454; x_wconf 85' lang='lat' dir='ltr'>abstulit.</span> <span class='ocrx_word' id='word_1_139' title='bbox 838 1415 1039 1454; x_wconf 84' lang='lat' dir='ltr'>clarissimi</span> <span class='ocrx_word' id='word_1_140' title='bbox 1072 1423 1203 1453; x_wconf 90' lang='lat' dir='ltr'>autem</span> <span class='ocrx_word' id='word_1_141' title='bbox 1234 1414 1485 1464; x_wconf 90' lang='lat' dir='ltr'>imperatores</span> 
     </span>
     <span class='ocr_line' id='line_1_22' title="bbox 160 1479 1485 1530; baseline 0.001 -15"><span class='ocrx_word' id='word_1_142' title='bbox 160 1479 315 1516; x_wconf 89' lang='lat' dir='ltr'>fuerunt</span> <span class='ocrx_word' id='word_1_143' title='bbox 338 1480 509 1517; x_wconf 91' lang='lat' dir='ltr'>Romani</span> <span class='ocrx_word' id='word_1_144' title='bbox 529 1494 577 1518; x_wconf 85' lang='lat' dir='ltr'>eo</span> <span class='ocrx_word' id='word_1_145' title='bbox 598 1481 701 1519; x_wconf 87' lang='lat' dir='ltr'>bello</span> <span class='ocrx_word' id='word_1_146' title='bbox 724 1482 795 1520; x_wconf 90' lang='lat' dir='ltr'>Cn.</span> <span class='ocrx_word' id='word_1_147' title='bbox 820 1480 1042 1530; x_wconf 85' lang='lat' dir='ltr'>Pompeius,</span> <span class='ocrx_word' id='word_1_148' title='bbox 1066 1482 1138 1519; x_wconf 91' lang='lat' dir='ltr'>Cn.</span> <span class='ocrx_word' id='word_1_149' title='bbox 1163 1479 1327 1529; x_wconf 88' lang='lat' dir='ltr'>Pompei</span> <span class='ocrx_word' id='word_1_150' title='bbox 1350 1479 1485 1528; x_wconf 85' lang='lat' dir='ltr'>Magni</span> 
     </span>
     <span class='ocr_line' id='line_1_23' title="bbox 160 1544 1486 1594; baseline 0.001 -14"><span class='ocrx_word' id='word_1_151' title='bbox 160 1551 279 1592; x_wconf 89' lang='lat' dir='ltr'>pater,</span> <span class='ocrx_word' id='word_1_152' title='bbox 312 1544 355 1582; x_wconf 91' lang='lat' dir='ltr'>C.</span> <span class='ocrx_word' id='word_1_153' title='bbox 382 1544 540 1591; x_wconf 84' lang='lat' dir='ltr'>Marius,</span> <span class='ocrx_word' id='word_1_154' title='bbox 564 1546 613 1583; x_wconf 92' lang='lat' dir='ltr'>de</span> <span class='ocrx_word' id='word_1_155' title='bbox 643 1559 722 1594; x_wconf 90' lang='lat' dir='ltr'>quo</span> <span class='ocrx_word' id='word_1_156' title='bbox 752 1546 1024 1594; x_wconf 84' lang='lat' dir='ltr'>praediximus,</span> <span class='ocrx_word' id='word_1_157' title='bbox 1056 1547 1096 1582; x_wconf 95' lang='lat' dir='ltr'>L.</span> <span class='ocrx_word' id='word_1_158' title='bbox 1127 1546 1233 1583; x_wconf 88' lang='lat' dir='ltr'>Sulla</span> <span class='ocrx_word' id='word_1_159' title='bbox 1261 1558 1366 1582; x_wconf 90' lang='lat' dir='ltr'>anno</span> <span class='ocrx_word' id='word_1_160' title='bbox 1395 1552 1486 1582; x_wconf 80' lang='lat' dir='ltr'>ante</span> 
     </span>
     <span class='ocr_line' id='line_1_24' title="bbox 160 1609 1485 1659; baseline 0.002 -15"><span class='ocrx_word' id='word_1_161' title='bbox 160 1615 339 1656; x_wconf 86' lang='lat' dir='ltr'>praetura</span> <span class='ocrx_word' id='word_1_162' title='bbox 359 1609 526 1655; x_wconf 84' lang='lat' dir='ltr'>functus,</span> <span class='ocrx_word' id='word_1_163' title='bbox 550 1610 598 1657; x_wconf 86' lang='lat' dir='ltr'>Q.</span> <span class='ocrx_word' id='word_1_164' title='bbox 624 1611 819 1656; x_wconf 89' lang='lat' dir='ltr'>Metellus,</span> <span class='ocrx_word' id='word_1_165' title='bbox 844 1609 1046 1648; x_wconf 87' lang='lat' dir='ltr'>Numidici</span> <span class='ocrx_word' id='word_1_166' title='bbox 1073 1609 1185 1656; x_wconf 83' lang='lat' dir='ltr'>filius,</span> <span class='ocrx_word' id='word_1_167' title='bbox 1208 1609 1275 1659; x_wconf 92' lang='lat' dir='ltr'>qui</span> <span class='ocrx_word' id='word_1_168' title='bbox 1305 1609 1485 1647; x_wconf 86' lang='lat' dir='ltr'>meritum</span> 
     </span>
     <span class='ocr_line' id='line_1_25' title="bbox 160 1673 1525 1724; baseline 0.002 -16"><span class='ocrx_word' id='word_1_169' title='bbox 160 1684 381 1720; x_wconf 87' lang='lat' dir='ltr'>cognomen</span> <span class='ocrx_word' id='word_1_170' title='bbox 417 1673 474 1710; x_wconf 92' lang='lat' dir='ltr'>Pii</span> <span class='ocrx_word' id='word_1_171' title='bbox 509 1682 743 1712; x_wconf 88' lang='lat' dir='ltr'>consecutus</span> <span class='ocrx_word' id='word_1_172' title='bbox 773 1682 875 1712; x_wconf 91' lang='lat' dir='ltr'>erat:</span> <span class='ocrx_word' id='word_1_173' title='bbox 919 1674 1065 1724; x_wconf 90' lang='lat' dir='ltr'>quippe</span> <span class='ocrx_word' id='word_1_174' title='bbox 1095 1675 1299 1723; x_wconf 85' lang='lat' dir='ltr'>expulsum</span> <span class='ocrx_word' id='word_1_175' title='bbox 1329 1673 1486 1711; x_wconf 89' lang='lat' dir='ltr'>ciuitate</span> <span class='ocrx_word' id='word_1_176' title='bbox 1505 1695 1525 1724; x_wconf 83' lang='lat'>4</span> 
     </span>
     <span class='ocr_line' id='line_1_26' title="bbox 159 1737 1486 1788; baseline 0.002 -16"><span class='ocrx_word' id='word_1_177' title='bbox 159 1748 182 1772; x_wconf 88' lang='lat' dir='ltr'>a</span> <span class='ocrx_word' id='word_1_178' title='bbox 212 1737 253 1773; x_wconf 94' lang='lat' dir='ltr'>L.</span> <span class='ocrx_word' id='word_1_179' title='bbox 278 1737 487 1775; x_wconf 87' lang='lat' dir='ltr'>Saturnino</span> <span class='ocrx_word' id='word_1_180' title='bbox 514 1738 672 1776; x_wconf 92' lang='lat' dir='ltr'>tribuno</span> <span class='ocrx_word' id='word_1_181' title='bbox 699 1740 762 1788; x_wconf 90' lang='lat' dir='ltr'>pl.‚</span> <span class='ocrx_word' id='word_1_182' title='bbox 786 1740 894 1788; x_wconf 90' lang='lat' dir='ltr'>quod</span> <span class='ocrx_word' id='word_1_183' title='bbox 920 1740 1026 1777; x_wconf 88' lang='lat' dir='ltr'>solus</span> <span class='ocrx_word' id='word_1_184' title='bbox 1053 1738 1093 1776; x_wconf 89' lang='lat' dir='ltr'>in</span> <span class='ocrx_word' id='word_1_185' title='bbox 1123 1740 1226 1788; x_wconf 86' lang='lat' dir='ltr'>leges</span> <span class='ocrx_word' id='word_1_186' title='bbox 1251 1738 1332 1776; x_wconf 93' lang='lat' dir='ltr'>eius</span> <span class='ocrx_word' id='word_1_187' title='bbox 1363 1738 1486 1776; x_wconf 89' lang='lat' dir='ltr'>iurare</span> 
     </span>
     <span class='ocr_line' id='line_1_27' title="bbox 160 1801 1487 1851; baseline 0.002 -14"><span class='ocrx_word' id='word_1_188' title='bbox 160 1801 347 1847; x_wconf 90' lang='lat' dir='ltr'>noluerat,</span> <span class='ocrx_word' id='word_1_189' title='bbox 396 1801 540 1851; x_wconf 85' lang='lat' dir='ltr'>pietate</span> <span class='ocrx_word' id='word_1_190' title='bbox 582 1817 661 1849; x_wconf 89' lang='lat' dir='ltr'>sua,</span> <span class='ocrx_word' id='word_1_191' title='bbox 707 1804 937 1842; x_wconf 85' lang='lat' dir='ltr'>auctoritate</span> <span class='ocrx_word' id='word_1_192' title='bbox 982 1811 1149 1849; x_wconf 51' lang='lat' dir='ltr'>senatus</span> <span class='ocrx_word' id='word_1_193' title='bbox 1190 1817 1385 1841; x_wconf 88' lang='lat' dir='ltr'>consensu</span> <span class='ocrx_word' id='word_1_194' title='bbox 1433 1803 1487 1841; x_wconf 84' lang='lat' dir='ltr'>rei</span> 
     </span>
     <span class='ocr_line' id='line_1_28' title="bbox 160 1864 1487 1918; baseline 0.003 -17"><span class='ocrx_word' id='word_1_195' title='bbox 160 1864 341 1913; x_wconf 86' lang='lat' dir='ltr'>publicae</span> <span class='ocrx_word' id='word_1_196' title='bbox 388 1866 552 1905; x_wconf 87' lang='lat' dir='ltr'>restituit</span> <span class='ocrx_word' id='word_1_197' title='bbox 598 1876 758 1917; x_wconf 85' lang='lat' dir='ltr'>patrem.</span> <span class='ocrx_word' id='word_1_198' title='bbox 818 1882 891 1907; x_wconf 85' lang='lat' dir='ltr'>nec</span> <span class='ocrx_word' id='word_1_199' title='bbox 938 1868 1144 1918; x_wconf 87' lang='lat' dir='ltr'>triumphis</span> <span class='ocrx_word' id='word_1_200' title='bbox 1191 1867 1487 1917; x_wconf 86' lang='lat' dir='ltr'>honoribusque</span> 
     </span>
    </p>
   </div>
   <div class='ocr_carea' id='block_1_6' title="bbox 125 1932 1488 1977">
    <p class='ocr_par' dir='ltr' id='par_1_7' title="bbox 125 1932 1488 1977">
     <span class='ocr_line' id='line_1_29' title="bbox 125 1932 1488 1977; baseline 0.002 -11"><span class='ocrx_word' id='word_1_201' title='bbox 125 1941 280 1977; x_wconf 67' lang='lat' dir='ltr'>gquam</span> <span class='ocrx_word' id='word_1_202' title='bbox 318 1937 384 1968; x_wconf 89' lang='lat' dir='ltr'>aut</span> <span class='ocrx_word' id='word_1_203' title='bbox 429 1944 546 1969; x_wconf 89' lang='lat' dir='ltr'>causa</span> <span class='ocrx_word' id='word_1_204' title='bbox 589 1932 676 1970; x_wconf 88' lang='lat' dir='ltr'>exili</span> <span class='ocrx_word' id='word_1_205' title='bbox 714 1941 781 1971; x_wconf 91' lang='lat' dir='ltr'>aut</span> <span class='ocrx_word' id='word_1_206' title='bbox 821 1933 935 1972; x_wconf 82' lang='lat' dir='ltr'>exilio</span> <span class='ocrx_word' id='word_1_207' title='bbox 973 1941 1039 1971; x_wconf 92' lang='lat' dir='ltr'>aut</span> <span class='ocrx_word' id='word_1_208' title='bbox 1078 1932 1204 1971; x_wconf 90' lang='lat' dir='ltr'>reditu</span> <span class='ocrx_word' id='word_1_209' title='bbox 1243 1932 1380 1970; x_wconf 90' lang='lat' dir='ltr'>clarior</span> <span class='ocrx_word' id='word_1_210' title='bbox 1416 1932 1488 1970; x_wconf 85' lang='lat' dir='ltr'>fuit</span> 
     </span>
    </p>
   </div>
   <div class='ocr_carea' id='block_1_7' title="bbox 162 1993 1552 2110">
    <p class='ocr_par' dir='ltr' id='par_1_8' title="bbox 162 1993 1552 2110">
     <span class='ocr_line' id='line_1_30' title="bbox 162 1993 407 2032; baseline 0.012 -3"><span class='ocrx_word' id='word_1_211' title='bbox 162 1993 407 2032; x_wconf 90' lang='lat' dir='ltr'>Numidicus.</span> 
     </span>
     <span class='ocr_line' id='line_1_31' title="bbox 215 2058 1552 2110; baseline 0.007 -15"><span class='ocrx_word' id='word_1_212' title='bbox 215 2058 441 2098; x_wconf 87' lang='lat' dir='ltr'>Italicorum</span> <span class='ocrx_word' id='word_1_213' title='bbox 470 2069 601 2099; x_wconf 87' lang='lat' dir='ltr'>autem</span> <span class='ocrx_word' id='word_1_214' title='bbox 631 2063 787 2101; x_wconf 90' lang='lat' dir='ltr'>fuerunt</span> <span class='ocrx_word' id='word_1_215' title='bbox 814 2063 1056 2101; x_wconf 83' lang='lat' dir='ltr'>celeberrimi</span> <span class='ocrx_word' id='word_1_216' title='bbox 1084 2064 1204 2101; x_wconf 88' lang='lat' dir='ltr'>duces</span> <span class='ocrx_word' id='word_1_217' title='bbox 1232 2062 1312 2100; x_wconf 86' lang='lat' dir='ltr'>Silo</span> <span class='ocrx_word' id='word_1_218' title='bbox 1341 2064 1487 2110; x_wconf 82' lang='lat' dir='ltr'>Popae-</span> <span class='ocrx_word' id='word_1_219' title='bbox 1505 2068 1552 2103; x_wconf 90' lang='lat'>16</span> 
     </span>
    </p>
   </div>
   <div class='ocr_carea' id='block_1_8' title="bbox 159 2162 1491 2467">
    <p class='ocr_par' dir='ltr' id='par_1_9' title="bbox 159 2162 1491 2467">
     <span class='ocr_line' id='line_1_32' title="bbox 207 2162 1486 2197; baseline 0.002 -6"><span class='ocrx_word' id='word_1_220' title='bbox 207 2172 219 2191; x_wconf 90' lang='lat'>1</span> <span class='ocrx_word' id='word_1_221' title='bbox 247 2167 281 2192; x_wconf 88' lang='lat' dir='ltr'>et</span> <span class='ocrx_word' id='word_1_222' title='bbox 297 2162 330 2191; x_wconf 87' lang='lat' dir='ltr'><em>A</em></span> <span class='ocrx_word' id='word_1_223' title='bbox 348 2174 355 2193; x_wconf 76' lang='lat' dir='ltr'><em>z</em></span> <span class='ocrx_word' id='word_1_224' title='bbox 380 2168 415 2194; x_wconf 84' lang='lat' dir='ltr'>ut</span> <span class='ocrx_word' id='word_1_225' title='bbox 431 2163 464 2193; x_wconf 89' lang='lat' dir='ltr'><em>P</em></span> <span class='ocrx_word' id='word_1_226' title='bbox 518 2165 563 2196; x_wconf 80' lang='lat' dir='ltr'>=C.</span> <span class='ocrx_word' id='word_1_227' title='bbox 579 2166 625 2197; x_wconf 85' lang='lat' dir='ltr'>R.</span> <span class='ocrx_word' id='word_1_228' title='bbox 642 2166 713 2196; x_wconf 78' lang='grc' dir='ltr'>ΑΡ</span> <span class='ocrx_word' id='word_1_229' title='bbox 831 2178 850 2197; x_wconf 89' lang='lat'><strong>2</strong></span> <span class='ocrx_word' id='word_1_230' title='bbox 874 2167 1110 2197; x_wconf 85' lang='lat' dir='ltr'>reuocauerint</span> <span class='ocrx_word' id='word_1_231' title='bbox 1127 2165 1215 2196; x_wconf 84' lang='lat' dir='ltr'>AP:</span> <span class='ocrx_word' id='word_1_232' title='bbox 1241 2170 1486 2196; x_wconf 87' lang='lat' dir='ltr'>reuocauerant</span> 
     </span>
     <span class='ocr_line' id='line_1_33' title="bbox 160 2205 1490 2249; baseline 0.002 -15"><span class='ocrx_word' id='word_1_233' title='bbox 160 2205 352 2236; x_wconf 79' lang='lat' dir='ltr'>Acidalms:</span> <span class='ocrx_word' id='word_1_234' title='bbox 391 2212 426 2237; x_wconf 89' lang='lat' dir='ltr'>ut</span> <span class='ocrx_word' id='word_1_235' title='bbox 458 2213 511 2239; x_wconf 85' lang='lat' dir='ltr'>et.</span> <span class='ocrx_word' id='word_1_236' title='bbox 527 2233 533 2239; x_wconf 92' lang='lat'><strong>.</strong></span> <span class='ocrx_word' id='word_1_237' title='bbox 549 2234 556 2240; x_wconf 89' lang='lat'><em>.</em></span> <span class='ocrx_word' id='word_1_238' title='bbox 571 2211 807 2240; x_wconf 87' lang='lat' dir='ltr'>reuocauerint</span> <span class='ocrx_word' id='word_1_239' title='bbox 836 2211 980 2241; x_wconf 81' lang='lat' dir='ltr'>Thomas</span> <span class='ocrx_word' id='word_1_240' title='bbox 1111 2220 1129 2248; x_wconf 87' lang='lat'><strong>5</strong></span> <span class='ocrx_word' id='word_1_241' title='bbox 1155 2209 1208 2249; x_wconf 72' lang='lat' dir='ltr'>R]</span> <span class='ocrx_word' id='word_1_242' title='bbox 1235 2209 1396 2248; x_wconf 87' lang='lat' dir='ltr'>Pompeio</span> <span class='ocrx_word' id='word_1_243' title='bbox 1420 2207 1490 2237; x_wconf 85' lang='lat' dir='ltr'>AP</span> 
     </span>
     <span class='ocr_line' id='line_1_34' title="bbox 159 2249 1491 2293; baseline 0.003 -16"><span class='ocrx_word' id='word_1_244' title='bbox 159 2249 180 2278; x_wconf 91' lang='grc'>6</span> <span class='ocrx_word' id='word_1_245' title='bbox 204 2259 310 2279; x_wconf 88' lang='lat' dir='ltr'>annos</span> <span class='ocrx_word' id='word_1_246' title='bbox 328 2249 378 2280; x_wconf 83' lang='lat' dir='ltr'>P:</span> <span class='ocrx_word' id='word_1_247' title='bbox 410 2251 525 2282; x_wconf 78' lang='lat' dir='ltr'>‘annis</span> <span class='ocrx_word' id='word_1_248' title='bbox 542 2252 589 2293; x_wconf 77' lang='lat' dir='ltr'>A,</span> <span class='ocrx_word' id='word_1_249' title='bbox 610 2257 645 2283; x_wconf 83' lang='lat' dir='ltr'>ut</span> <span class='ocrx_word' id='word_1_250' title='bbox 661 2254 735 2283; x_wconf 79' lang='lat' dir='ltr'>item</span> <span class='ocrx_word' id='word_1_251' title='bbox 756 2253 826 2283; x_wconf 83' lang='grc' dir='ltr'>ΑΡ</span> <span class='ocrx_word' id='word_1_252' title='bbox 839 2265 868 2285; x_wconf 86' lang='lat'>2.</span> <span class='ocrx_word' id='word_1_253' title='bbox 886 2256 937 2292; x_wconf 86' lang='lat'>65.</span> <span class='ocrx_word' id='word_1_254' title='bbox 958 2264 977 2283; x_wconf 87' lang='lat'><em>2</em></span> <span class='ocrx_word' id='word_1_255' title='bbox 994 2253 1115 2284; x_wconf 83' lang='lat' dir='ltr'>abhinc</span> <span class='ocrx_word' id='word_1_256' title='bbox 1140 2253 1245 2291; x_wconf 77' lang='lat' dir='ltr'>annis,</span> <span class='ocrx_word' id='word_1_257' title='bbox 1267 2253 1349 2282; x_wconf 79' lang='lat' dir='ltr'>alias</span> <span class='ocrx_word' id='word_1_258' title='bbox 1364 2257 1491 2291; x_wconf 78' lang='lat' dir='ltr'>semper</span> 
     </span>
     <span class='ocr_line' id='line_1_35' title="bbox 160 2292 1485 2328; baseline 0.003 -8"><span class='ocrx_word' id='word_1_259' title='bbox 160 2292 281 2323; x_wconf 87' lang='lat' dir='ltr'>abhinc</span> <span class='ocrx_word' id='word_1_260' title='bbox 310 2293 438 2324; x_wconf 86' lang='lat' dir='ltr'>annos&#39;</span> <span class='ocrx_word' id='word_1_261' title='bbox 461 2295 568 2325; x_wconf 82' lang='lat' dir='ltr'>Halm</span> <span class='ocrx_word' id='word_1_262' title='bbox 658 2298 817 2327; x_wconf 88' lang='lat' dir='ltr'>uniuersa</span> <span class='ocrx_word' id='word_1_263' title='bbox 843 2297 937 2328; x_wconf 86' lang='lat' dir='ltr'>ltalia</span> <span class='ocrx_word' id='word_1_264' title='bbox 962 2308 1034 2327; x_wconf 90' lang='lat' dir='ltr'>cum</span> <span class='ocrx_word' id='word_1_265' title='bbox 1063 2297 1095 2327; x_wconf 87' lang='lat' dir='ltr'>id</span> <span class='ocrx_word' id='word_1_266' title='bbox 1122 2297 1243 2327; x_wconf 85' lang='lat' dir='ltr'>malum</span> <span class='ocrx_word' id='word_1_267' title='bbox 1267 2296 1325 2325; x_wconf 83' lang='lat' dir='ltr'>A:</span> <span class='ocrx_word' id='word_1_268' title='bbox 1354 2305 1428 2325; x_wconf 87' lang='lat' dir='ltr'>cum</span> <span class='ocrx_word' id='word_1_269' title='bbox 1454 2295 1485 2324; x_wconf 93' lang='lat' dir='ltr'>id</span> 
     </span>
     <span class='ocr_line' id='line_1_36' title="bbox 161 2336 1485 2380; baseline 0.003 -16"><span class='ocrx_word' id='word_1_270' title='bbox 161 2336 284 2366; x_wconf 89' lang='lat' dir='ltr'>malurn</span> <span class='ocrx_word' id='word_1_271' title='bbox 306 2337 339 2366; x_wconf 88' lang='lat' dir='ltr'>in</span> <span class='ocrx_word' id='word_1_272' title='bbox 361 2338 518 2368; x_wconf 85' lang='lat' dir='ltr'>uniuersa</span> <span class='ocrx_word' id='word_1_273' title='bbox 542 2339 636 2370; x_wconf 82' lang='lat' dir='ltr'>Italia</span> <span class='ocrx_word' id='word_1_274' title='bbox 656 2340 689 2370; x_wconf 87' lang='lat' dir='ltr'><em>P</em></span> <span class='ocrx_word' id='word_1_275' title='bbox 818 2351 834 2379; x_wconf 94' lang='lat'><strong>7</strong></span> <span class='ocrx_word' id='word_1_276' title='bbox 858 2342 982 2380; x_wconf 88' lang='lat' dir='ltr'>quippe</span> <span class='ocrx_word' id='word_1_277' title='bbox 999 2340 1069 2370; x_wconf 80' lang='lat' dir='ltr'>AF</span> <span class='ocrx_word' id='word_1_278' title='bbox 1156 2340 1311 2370; x_wconf 87' lang='lat' dir='ltr'>Seruium</span> <span class='ocrx_word' id='word_1_279' title='bbox 1329 2338 1404 2376; x_wconf 77' lang='grc' dir='ltr'>ΑΡ,</span> <span class='ocrx_word' id='word_1_280' title='bbox 1424 2349 1485 2369; x_wconf 74' lang='lat' dir='ltr'>em.</span> 
     </span>
     <span class='ocr_line' id='line_1_37' title="bbox 160 2378 1483 2422; baseline 0.002 -15"><span class='ocrx_word' id='word_1_281' title='bbox 160 2378 273 2408; x_wconf 81' lang='lat' dir='ltr'>Aldus</span> <span class='ocrx_word' id='word_1_282' title='bbox 363 2380 640 2422; x_wconf 85' lang='lat' dir='ltr'>Fontemiumque</span> <span class='ocrx_word' id='word_1_283' title='bbox 668 2383 734 2413; x_wconf 89' lang='lat' dir='ltr'>BA</span> <span class='ocrx_word' id='word_1_284' title='bbox 877 2386 896 2414; x_wconf 93' lang='lat'>8</span> <span class='ocrx_word' id='word_1_285' title='bbox 921 2395 958 2414; x_wconf 90' lang='lat' dir='ltr'>ae</span> <span class='ocrx_word' id='word_1_286' title='bbox 989 2384 1113 2414; x_wconf 87' lang='lat' dir='ltr'>deinde</span> <span class='ocrx_word' id='word_1_287' title='bbox 1139 2395 1158 2413; x_wconf 90' lang='lat' dir='ltr'>a</span> <span class='ocrx_word' id='word_1_288' title='bbox 1185 2382 1306 2413; x_wconf 89' lang='lat' dir='ltr'>Marsis</span> <span class='ocrx_word' id='word_1_289' title='bbox 1332 2381 1365 2411; x_wconf 90' lang='lat' dir='ltr'><em>P</em></span> <span class='ocrx_word' id='word_1_290' title='bbox 1387 2385 1415 2411; x_wconf 81' lang='lat' dir='ltr'>et</span> <span class='ocrx_word' id='word_1_291' title='bbox 1438 2381 1483 2419; x_wconf 86' lang='lat' dir='ltr'>A,</span> 
     </span>
     <span class='ocr_line' id='line_1_38' title="bbox 160 2422 1483 2467; baseline 0.002 -16"><span class='ocrx_word' id='word_1_292' title='bbox 160 2422 218 2452; x_wconf 80' lang='lat' dir='ltr'>sed</span> <span class='ocrx_word' id='word_1_293' title='bbox 235 2422 286 2452; x_wconf 83' lang='lat' dir='ltr'>hic</span> <span class='ocrx_word' id='word_1_294' title='bbox 306 2425 574 2465; x_wconf 77' lang='lat' dir='ltr'>suprascriptum,</span> <span class='ocrx_word' id='word_1_295' title='bbox 602 2437 675 2457; x_wconf 83' lang='lat' dir='ltr'>cum</span> <span class='ocrx_word' id='word_1_296' title='bbox 694 2428 790 2467; x_wconf 75' lang='lat' dir='ltr'>prius</span> <span class='ocrx_word' id='word_1_297' title='bbox 802 2428 924 2466; x_wconf 78' lang='lat' dir='ltr'>suisset</span> <span class='ocrx_word' id='word_1_298' title='bbox 947 2433 981 2458; x_wconf 88' lang='lat' dir='ltr'>et</span> <span class='ocrx_word' id='word_1_299' title='bbox 1006 2427 1124 2458; x_wconf 86' lang='lat' dir='ltr'>marsis</span> <span class='ocrx_word' id='word_1_300' title='bbox 1277 2437 1298 2465; x_wconf 89' lang='lat'><strong>9</strong></span> <span class='ocrx_word' id='word_1_301' title='bbox 1321 2424 1430 2455; x_wconf 90' lang='lat' dir='ltr'>omnis</span> <span class='ocrx_word' id='word_1_302' title='bbox 1451 2425 1483 2453; x_wconf 90' lang='lat' dir='ltr'><em>A</em></span> 
     </span>
    </p>
   </div>
   <div class='ocr_carea' id='block_1_9' title="bbox 163 2475 1487 2521">
    <p class='ocr_par' dir='ltr' id='par_1_10' title="bbox 163 2475 1487 2521">
     <span class='ocr_line' id='line_1_39' title="bbox 163 2475 1487 2521; baseline -0.006 -5"><span class='ocrx_word' id='word_1_303' title='bbox 163 2485 201 2515; x_wconf 90' lang='grc' dir='ltr'>Ι3</span> <span class='ocrx_word' id='word_1_304' title='bbox 225 2486 288 2516; x_wconf 79' lang='lat' dir='ltr'>aeq·</span> <span class='ocrx_word' id='word_1_305' title='bbox 305 2477 338 2506; x_wconf 78' lang='grc' dir='ltr'><em>Α</em></span> <span class='ocrx_word' id='word_1_306' title='bbox 476 2480 514 2508; x_wconf 87' lang='grc' dir='ltr'>Ι6</span> <span class='ocrx_word' id='word_1_307' title='bbox 537 2475 608 2512; x_wconf 65' lang='lat' dir='ltr'>cc—C.</span> <span class='ocrx_word' id='word_1_308' title='bbox 625 2480 701 2521; x_wconf 82' lang='lat' dir='ltr'>AF,</span> <span class='ocrx_word' id='word_1_309' title='bbox 722 2492 786 2513; x_wconf 88' lang='lat' dir='ltr'>om.</span> <span class='ocrx_word' id='word_1_310' title='bbox 805 2481 893 2511; x_wconf 88' lang='lat' dir='ltr'>milia</span> <span class='ocrx_word' id='word_1_311' title='bbox 1028 2483 1066 2511; x_wconf 83' lang='lat'>18</span> <span class='ocrx_word' id='word_1_312' title='bbox 1091 2480 1242 2519; x_wconf 87' lang='lat' dir='ltr'>Pompeii</span> <span class='ocrx_word' id='word_1_313' title='bbox 1259 2479 1329 2508; x_wconf 85' lang='grc' dir='ltr'>ΑΡ</span> <span class='ocrx_word' id='word_1_314' title='bbox 1445 2489 1487 2509; x_wconf 90' lang='lat'>20</span> 
     </span>
    </p>
   </div>
   <div class='ocr_carea' id='block_1_10' title="bbox 161 2529 1486 2620">
    <p class='ocr_par' dir='ltr' id='par_1_11' title="bbox 161 2529 1486 2620">
     <span class='ocr_line' id='line_1_40' title="bbox 161 2529 1486 2572; baseline 0.009 -12"><span class='ocrx_word' id='word_1_315' title='bbox 161 2530 327 2570; x_wconf 83' lang='lat' dir='ltr'>functusq.</span> <span class='ocrx_word' id='word_1_316' title='bbox 348 2532 503 2563; x_wconf 87' lang='lat' dir='ltr'>Metellus</span> <span class='ocrx_word' id='word_1_317' title='bbox 519 2534 552 2563; x_wconf 88' lang='lat' dir='ltr'><em>A</em></span> <span class='ocrx_word' id='word_1_318' title='bbox 665 2546 705 2566; x_wconf 88' lang='lat'>22</span> <span class='ocrx_word' id='word_1_319' title='bbox 723 2546 741 2566; x_wconf 88' lang='lat' dir='ltr'>a</span> <span class='ocrx_word' id='word_1_320' title='bbox 758 2536 791 2565; x_wconf 89' lang='lat' dir='ltr'><em>A</em></span> <span class='ocrx_word' id='word_1_321' title='bbox 809 2547 816 2566; x_wconf 73' lang='grc' dir='ltr'>ε</span> <span class='ocrx_word' id='word_1_322' title='bbox 849 2547 913 2567; x_wconf 85' lang='lat' dir='ltr'>om.</span> <span class='ocrx_word' id='word_1_323' title='bbox 941 2536 974 2565; x_wconf 86' lang='lat' dir='ltr'><em>P</em></span> <span class='ocrx_word' id='word_1_324' title='bbox 1072 2529 1146 2567; x_wconf 59' lang='lat' dir='ltr'>&#39;sff-</span> <span class='ocrx_word' id='word_1_325' title='bbox 1166 2535 1199 2565; x_wconf 87' lang='lat' dir='ltr'>P·</span> <span class='ocrx_word' id='word_1_326' title='bbox 1221 2535 1255 2564; x_wconf 83' lang='lat' dir='ltr'>L·</span> <span class='ocrx_word' id='word_1_327' title='bbox 1272 2534 1304 2563; x_wconf 78' lang='grc' dir='ltr'><em>Α</em></span> <span class='ocrx_word' id='word_1_328' title='bbox 1445 2543 1486 2572; x_wconf 82' lang='lat'>23</span> 
     </span>
     <span class='ocr_line' id='line_1_41' title="bbox 161 2574 1430 2620; baseline 0.006 -17"><span class='ocrx_word' id='word_1_329' title='bbox 161 2574 243 2613; x_wconf 88' lang='lat' dir='ltr'>reip.</span> <span class='ocrx_word' id='word_1_330' title='bbox 261 2574 350 2605; x_wconf 86' lang='lat' dir='ltr'>AP:</span> <span class='ocrx_word' id='word_1_331' title='bbox 376 2576 410 2606; x_wconf 89' lang='lat' dir='ltr'>P.</span> <span class='ocrx_word' id='word_1_332' title='bbox 427 2576 467 2607; x_wconf 90' lang='lat' dir='ltr'>R.</span> <span class='ocrx_word' id='word_1_333' title='bbox 482 2576 651 2609; x_wconf 78' lang='lat' dir='ltr'>Puteanus</span> <span class='ocrx_word' id='word_1_334' title='bbox 781 2589 821 2618; x_wconf 83' lang='lat'>25</span> <span class='ocrx_word' id='word_1_335' title='bbox 846 2580 937 2610; x_wconf 87' lang='lat' dir='ltr'>exilii</span> <span class='ocrx_word' id='word_1_336' title='bbox 952 2579 1022 2610; x_wconf 79' lang='grc' dir='ltr'>ΑΡ</span> <span class='ocrx_word' id='word_1_337' title='bbox 1149 2590 1188 2619; x_wconf 86' lang='lat'>27</span> <span class='ocrx_word' id='word_1_338' title='bbox 1213 2580 1381 2620; x_wconf 90' lang='lat' dir='ltr'>popedius</span> <span class='ocrx_word' id='word_1_339' title='bbox 1397 2579 1430 2609; x_wconf 81' lang='grc' dir='ltr'><em>Α</em></span> 
     </span>
    </p>
   </div>
   <div class='ocr_carea' id='block_1_11' title="bbox 779 2632 1322 2671">
    <p class='ocr_par' dir='ltr' id='par_1_12' title="bbox 779 2632 1322 2671">
     <span class='ocr_line' id='line_1_42' title="bbox 779 2632 1322 2671; baseline -0.009 0"><span class='ocrx_word' id='word_1_340' title='bbox 779 2640 820 2671; x_wconf 82' lang='grc'>33</span> <span class='ocrx_word' id='word_1_341' title='bbox 1301 2632 1322 2666; x_wconf 91' lang='grc'><strong>3</strong></span> 
     </span>
    </p>
   </div>
  </div>
 </body>
</html>
