1799 2864
677 222 882 261 VELLEI
912 223 1230 262 PATERCVLI

294 329 398 368 Setia
424 343 650 382 nouemque
678 332 889 372 interiectis
918 333 1031 372 annis
1061 335 1186 384 Nepe,
1209 333 1354 372 deinde
1380 333 1617 383 interpositis

255 413 272 441 3
293 395 450 434 duobus
470 404 508 434 et
528 396 683 447 triginta
708 398 857 436 Aricini
877 402 945 438 †et
965 398 1004 436 in
1031 398 1230 437 ciuitatem
1258 398 1414 448 recepti.
1473 398 1617 437 abhinc

291 473 417 499 annos
432 469 563 500 autem
578 467 600 501 †
613 474 714 500 CCCL
730 464 793 512 Sp.
811 462 1015 501 Postumio
1028 462 1192 501 Veturio
1207 463 1375 503 Caluino
1389 463 1616 502 consulibus

293 526 506 575 Campanis
527 528 618 564 data
637 535 695 565 est
715 526 852 565 ciuitas
872 526 1050 576 partique
1063 527 1297 566 Samnitium
1318 527 1402 566 sine
1422 528 1614 578 suffragio,

291 598 329 628 et
358 593 500 630 eodem
534 605 639 630 anno
671 593 786 631 Cales
816 593 988 630 deducta
1016 592 1180 630 colonia.
1239 592 1442 632 interiecto
1471 594 1617 633 deinde

292 655 458 694 triennio
480 656 661 694 Fundani
688 664 726 694 et
753 656 952 695 Formiani
977 656 1017 694 in
1047 656 1246 695 ciuitatem
1274 658 1431 708 recepti,
1454 672 1501 698 eo
1530 659 1616 709 ipso

251 740 270 767 4
289 734 406 767 anno,
433 734 513 770 quo
539 720 777 759 Alexandria
803 721 964 759 condita
992 729 1060 759 est.
1119 721 1497 773 insequentibusque
1526 737 1616 762 con-

290 785 439 823 sulibus
468 799 491 823 a
520 787 583 835 Sp.
608 785 813 824 Postumio
848 785 1014 824 Philone
1044 786 1214 825 Publilio
1244 787 1471 826 censoribus
1501 791 1616 827 Acer-

288 850 390 888 ranis
411 851 503 888 data
528 850 675 889 ciuitas.
735 858 773 889 et
805 858 895 900 post
925 850 1136 889 triennium
1165 851 1416 889 Tarracinam
1446 854 1615 891 deducta

288 914 444 952 colonia
463 914 774 965 interpositoque
794 915 1053 965 quadriennio
1075 915 1239 954 Luceria
1266 929 1313 954 ac
1339 916 1484 955 deinde
1503 917 1616 956 inter·

287 979 390 1017 iecto
405 979 573 1018 triennio
590 981 732 1019 Suessa
747 982 935 1019 Aurunca
949 988 987 1020 et
1003 980 1185 1028 Saticula,
1204 982 1510 1031 Interamnaque
1525 991 1614 1032 post

250 1064 266 1092 5
287 1043 501 1083 biennium.
561 1046 700 1084 decem
735 1045 880 1085 deinde
912 1046 990 1084 hoc
1027 1059 1190 1084 munere
1226 1046 1320 1084 anni
1350 1055 1613 1085 uacauerunt:

286 1118 380 1148 tunc
409 1111 505 1148 Sora
533 1117 652 1160 atque
680 1111 784 1149 Alba
814 1111 1009 1150 deductae
1039 1110 1219 1149 coloniae
1249 1118 1287 1149 et
1321 1111 1496 1150 Carseoli
1524 1120 1613 1161 post

248 1184 266 1212 6
286 1174 501 1213 biennium.
551 1183 590 1213 at
610 1175 791 1225 quintum
814 1175 938 1214 Fabio
960 1175 1122 1224 Quinto,
1146 1175 1273 1214 Decio
1296 1177 1410 1214 Mure
1431 1184 1611 1226 quartum

286 1239 525 1286 consulibus,
559 1253 639 1289 quo
667 1253 774 1278 anno
808 1241 976 1290 Pyrrhus
1014 1254 1175 1290 regnare
1208 1240 1350 1290 coepit,
1386 1241 1611 1280 Sinuessam
1655 1256 1671 1285 5

287 1303 589 1354 Minturnasque
619 1304 727 1343 missi
756 1304 899 1352 coloni,
921 1313 1010 1354 post
1039 1304 1342 1355 quadriennium
1371 1307 1409 1342 V
1411 1306 1614 1352 enusiam;

284 1371 567 1421 interiectoque
596 1371 758 1410 biennio
793 1373 860 1409 M'.
898 1371 1019 1410 Curio
1052 1378 1091 1409 et
1122 1372 1271 1409 Rufino
1302 1371 1488 1410 Cornelio
1522 1385 1612 1410 con-

284 1436 433 1474 sulibus
461 1436 615 1474 Sabinis
645 1436 729 1474 sine
758 1436 940 1486 suffragio
970 1437 1061 1475 data
1090 1435 1250 1474 ciuitas:
1290 1435 1331 1474 id
1359 1444 1492 1474 actum
1520 1444 1611 1474 ante

250 1514 408 1549 Jannos
446 1502 568 1539 ferme
606 1512 752 1539 cccxx.
810 1509 850 1539 at
884 1502 989 1540 Cosa
1019 1508 1057 1539 et
1091 1503 1276 1539 Paestum
1306 1500 1452 1539 abhinc
1485 1514 1610 1539 annos

282 1567 404 1604 ferme
433 1573 629 1604 trecentos
657 1565 780 1605 Fabio
808 1568 991 1604 Dorsone
1016 1574 1055 1604 et
1082 1565 1251 1605 Claudio
1272 1565 1424 1605 Canina
1444 1566 1611 1604 consuli-

283 1631 366 1669 bus.
425 1630 629 1669 interiecto
660 1630 933 1680 quinquennio
967 1630 1201 1680 Sempronio
1235 1631 1371 1680 Sopho
1405 1638 1443 1669 et
1476 1631 1608 1680 Appio

283 1695 401 1735 Caeci
440 1695 520 1733 filio
565 1695 793 1734 consulibus
831 1695 1053 1733 Ariminum
1091 1700 1129 1733 et
1164 1697 1438 1733 Beneuentum
1477 1696 1608 1733 coloni

244 1773 262 1801 8
281 1759 389 1798 missi
410 1768 447 1798 et
468 1760 623 1810 suffragi
643 1760 794 1798 ferendi
817 1760 877 1799 ius
904 1759 1059 1798 Sabinis
1085 1761 1233 1798 datum.
1292 1767 1331 1798 at
1354 1759 1466 1798 initio
1493 1759 1606 1809 primi

280 1824 373 1863 belli
393 1824 532 1863 Punici
560 1824 734 1863 Firmum
761 1832 800 1863 et
826 1825 1008 1865 Castrum
1040 1824 1190 1863 colonis
1222 1832 1424 1874 occupata,
1452 1832 1491 1863 et
1518 1833 1607 1874 post

326 1971 341 1991 1
364 1933 477 1992 εῗέῑῑ-ιίιὲὶ
489 1972 512 1991 a
527 1972 718 2001 nouemque
736 1961 807 2000 (sici,
826 1962 859 1992 A
877 1973 884 1992 z
908 1961 1027 1993 Setina
1042 1961 1094 1992 P:
1121 1961 1216 1993 Setia
1232 1960 1343 1991 Aldus
1494 1971 1514 1991 2
1530 1961 1607 1992 Ari-

282 2004 347 2035 cini
364 2010 398 2035 et
410 2005 443 2034 A
488 2005 570 2044 fort.
588 2004 739 2035 Aricinei
755 2016 762 2035 ε
786 2005 932 2036 εχειὶίιὲεε
948 2005 1109 2035 nonnulla
1121 2005 1260 2035 censebat
1274 2004 1422 2035 Orelliex
1433 2004 1506 2035 Liu.
1521 2005 1549 2036 8.
1568 2015 1607 2044 14

279 2048 409 2078 Aricini
434 2048 708 2087 Nomentanique
733 2053 767 2079 et
790 2049 918 2079 Pedani
944 2049 1063 2078 eodem
1087 2048 1160 2078 iure
1181 2058 1248 2087 quo
1273 2048 1443 2078 Lanuuini
1468 2048 1501 2078 in
1526 2048 1605 2078 ciui-

280 2096 383 2122 tatem
400 2092 525 2130 recepti
668 2102 688 2130 3
713 2102 793 2122 cccx.
809 2092 898 2122 AP:
921 2101 1027 2122 cccrx
1043 2091 1189 2122 Laurent
1333 2101 1353 2130 5
1378 2092 1554 2122 interiecta
1570 2092 1603 2122 A

279 2136 300 2164 8
321 2134 404 2174 Asp.
425 2134 596 2165 Postumio
610 2134 643 2163 A
661 2146 669 2166 ε
694 2135 836 2166 Publilio
851 2135 983 2165 Duker:
1008 2135 1125 2165 Publio
1137 2134 1208 2164 ΑΡ
1291 2145 1312 2174 9
1334 2135 1516 2165 Tarracina
1528 2135 1604 2175 Lip-

277 2212 347 2241 sius
457 2221 496 2242 12
516 2178 628 2242 (51ξὲἰέ
637 2207 719 2242 &a
734 2212 768 2242 A
788 2211 857 2252 (sic)
967 2221 1006 2251 13
1022 2215 1091 2241 tum
1108 2210 1237 2249 Noudk,
1255 2211 1285 2241 lt.
1303 2221 1327 2243 e.
1339 2215 1416 2252 post
1430 2211 1467 2241 id
1478 2214 1604 2251 tempus

280 2276 318 2304 14
339 2266 380 2296 ad
401 2266 552 2305 quintum
577 2265 746 2305 Fabioque
770 2267 876 2297 Decio
899 2266 996 2296 Mure
1019 2270 1139 2305 quarto
1159 2260 1245 2296 co—x's
1268 2269 1361 2302 (coss
1383 2265 1460 2306 PB)
1482 2265 1602 2296 APB:

277 2309 485 2340 Pertzzom‘um
496 2320 613 2349 sequor
668 2315 702 2340 at
714 2309 755 2348 Q.
770 2309 873 2340 Fabio
886 2310 1050 2349 quintum,
1064 2309 1170 2339 Decio
1182 2310 1278 2340 Mure
1289 2314 1445 2348 quartum
1459 2308 1602 2339 consuli-

277 2352 338 2382 bus
354 2352 456 2383 Orelli
468 2357 497 2383 et
510 2353 608 2383 Kritz
679 2363 718 2392 15
743 2353 870 2392 Pyrrus
892 2353 926 2383 A
945 2353 1055 2391 coepit
1071 2352 1104 2382 in
1122 2352 1282 2384 Suessam
1306 2354 1339 2383 A
1412 2362 1448 2391 17
1474 2351 1518 2382 M.
1536 2351 1606 2382 ΑΡ

278 2406 410 2437 Rusino
433 2407 504 2438 ΑΡ
633 2417 672 2448 19
696 2417 803 2438 cccxx
826 2407 917 2438 BA:
940 2402 1071 2439 ἇῖῖὶῖἷι
1093 2407 1127 2438 Ρ
1211 2407 1300 2438 Cosa
1324 2406 1413 2437 BA:
1448 2405 1553 2436 Cossa
1571 2405 1605 2436 P

293 2455 411 2481 paestum
1367 2448 1410 2474 ius
1424 2447 1534 2474 Sabinis

277 2484 421 2521 paestuni
438 2484 471 2514 A
585 2494 625 2514 22
651 2488 684 2514 et
701 2483 774 2515 add.
792 2483 872 2515 Iam·
966 2494 1008 2524 23
1030 2483 1182 2524 suffragii
1199 2482 1270 2513 ΑΡ
1351 2481 1550 2513 *usse-binis
1565 2483 1598 2512 A

920 2556 958 2587 ¹4

1639 930 1675 951 10

1632 1579 1670 1600 20
