1799 2864
625 202 829 239 VELLEI
865 202 1183 241 PATERCVLI

197 331 215 359 4
239 311 339 350 Mari
374 311 605 362 Cinnaeque
643 314 848 351 confossus
883 320 950 351 est.
1028 314 1076 361 Q.
1114 314 1289 360 Catulus,
1325 320 1363 350 et
1400 311 1561 350 aliarum

237 376 424 414 uirtutum
446 385 483 415 et
504 377 595 415 belli
617 377 804 416 Cimbrici
831 377 961 427 gloria,
984 390 1085 426 quae
1111 377 1164 414 illi
1191 391 1280 415 cum
1308 376 1435 414 Mario
1459 389 1562 414 com-

238 441 366 479 munis
391 443 525 488 fuerat,
556 441 841 488 celeberrimus,
865 455 954 479 cum
979 443 1030 479 ad
1062 450 1227 480 mortem
1257 441 1561 491 conquireretur,

238 505 429 543 conclusit
451 520 491 544 se
512 507 600 544 loco
621 519 745 555 nuper
765 507 871 543 calce
898 507 1121 554 harenaque
1146 506 1337 555 perpolito
1362 506 1563 554 inlatoque

238 569 327 619 igni,
356 570 422 619 qui
452 570 532 607 uim
561 570 691 608 odoris
716 569 908 615 excitaret,
935 569 1049 607 simul
1079 569 1221 607 exitiali
1245 572 1384 608 hausto
1415 569 1561 619 spiritu,
1584 579 1600 609 5

238 634 353 672 simul
375 634 526 672 incluso
551 647 634 680 suo,
658 642 823 672 mortem
849 633 970 683 magis
997 642 1092 672 uoto
1119 647 1237 682 quarn
1257 634 1415 672 arbitrio
1440 633 1564 671 inimi-

201 719 217 748 5
238 711 373 736 corum
408 698 515 736 obiit.
586 698 720 736 omnia
753 706 861 736 erant
894 698 1120 747 praecipitia
1153 698 1192 736 in
1222 712 1262 736 re
1290 699 1458 748 publica,
1490 712 1563 737 nec

239 771 369 800 tamen
390 763 520 800 adhuc
541 762 749 811 quisquam
766 762 1048 809 inueniebatur,
1067 762 1134 812 qui
1154 763 1260 801 bona
1280 762 1375 801 ciuis
1393 763 1564 801 Romani

238 834 304 863 aut
325 827 472 864 donare
495 828 656 864 auderet
676 834 742 864 aut
762 834 893 876 petere
915 826 1130 865 sustineret.
1189 835 1326 876 postea
1345 827 1385 865 id
1406 841 1565 877 quoque

238 890 412 937 accessit,
446 898 488 928 ut
522 890 707 928 saeuitiae
738 904 896 929 causam
930 891 1091 928 auaritia
1124 892 1326 940 praeberet
1355 900 1393 929 et
1423 893 1565 930 modus
1588 902 1626 923 ¹0

240 956 378 1003 culpae
416 968 463 992 ex
504 954 695 1004 pecuniae
734 956 855 993 modo
898 955 1198 993 constitueretur
1241 964 1279 994 et
1326 955 1393 1005 qui
1431 955 1567 994 fuisset

240 1021 426 1068 locuples,
449 1020 556 1058 fieret
577 1019 608 1057 is
636 1033 794 1066 nocens,
817 1019 875 1058 sui
900 1020 1066 1070 quisque
1090 1020 1251 1069 periculi
1278 1034 1426 1058 merces
1455 1022 1566 1067 foret,

241 1097 313 1121 nec
334 1083 551 1133 quidquam
572 1083 769 1122 uideretur
789 1092 911 1133 turpe,
934 1085 1043 1133 quod
1063 1092 1164 1122 esset
1184 1093 1475 1134 quaestuosum.

171 1164 221 1201 23
294 1149 521 1186 Secundum
543 1148 687 1186 deinde
708 1150 955 1186 consulatum
977 1148 1106 1188 Cinna
1126 1157 1163 1187 et
1184 1149 1394 1199 septimum
1417 1149 1566 1188 Marius

241 1213 280 1251 in
319 1212 490 1262 priorum
531 1214 703 1251 dedecus
742 1213 837 1259 iniit,
878 1213 987 1251 cuius
1026 1212 1137 1251 initio
1179 1214 1318 1251 morbo
1357 1227 1565 1263 oppressus
1588 1226 1625 1258 15

242 1278 420 1324 decessit,
443 1277 502 1315 uir
522 1277 561 1315 in
588 1278 692 1316 bello
723 1277 913 1325 hostibus,
942 1277 981 1315 in
1007 1277 1087 1315 otio
1114 1277 1266 1316 ciuibus
1294 1278 1566 1317 infestissimus

207 1362 220 1382 ι
243 1342 464 1392 quietisque
515 1341 873 1391 inpatientissimus.
951 1341 990 1379 in
1038 1341 1153 1379 huius
1205 1343 1336 1380 locum
1384 1344 1568 1381 suffectus

243 1407 420 1445 Valerius
449 1408 623 1453 Flaccus,
646 1406 892 1456 turpissimae
919 1406 1012 1456 legis
1039 1414 1185 1453 auctor,
1208 1420 1286 1456 qua
1311 1407 1569 1446 creditoribus

243 1473 501 1523 quadrantem
536 1471 636 1509 solui
670 1470 842 1518 iusserat,
879 1471 989 1508 cuius
1023 1471 1114 1508 facti
1149 1471 1285 1509 merita
1318 1485 1408 1509 eum
1442 1485 1572 1521 poena

208 1546 224 1573 3
242 1536 342 1574 intra
368 1535 573 1574 biennium
602 1543 814 1573 consecuta
843 1543 910 1573 est.
970 1535 1200 1573 dominante
1229 1535 1268 1573 in
1300 1536 1412 1574 Italia
1442 1536 1571 1576 Cinna
1592 1548 1631 1569 20

244 1601 366 1639 maior
399 1614 485 1650 pars
524 1600 738 1638 nobilitatis
771 1601 822 1638 ad
861 1601 1008 1638 Sullam
1040 1599 1079 1637 in
1118 1600 1309 1638 Achaiam
1342 1614 1388 1638 ac
1427 1601 1571 1639 deinde

243 1674 332 1716 post
370 1666 409 1703 in
445 1665 580 1704 Asiam
614 1665 790 1715 perfugit.
869 1666 975 1703 Sulla
1008 1664 1161 1703 interim
1201 1679 1291 1703 cum
1332 1665 1571 1704 Mithridatis

244 1731 447 1781 praefectis
480 1730 581 1768 circa
610 1732 786 1768 Athenas
823 1729 1108 1780 Boeotiamque
1140 1738 1177 1768 et
1211 1730 1489 1768 Macedoniam
1519 1731 1572 1768 ita

245 1795 458 1842 dimicauit,
491 1803 533 1833 ut
564 1803 601 1833 et
631 1797 807 1833 Athenas
837 1795 1024 1844 reciperet
1053 1803 1091 1833 et
1120 1794 1287 1844 plurimo
1317 1795 1418 1833 circa
1447 1795 1573 1833 multi-

246 1860 356 1911 plicis
392 1859 516 1898 Piraei
549 1867 683 1909 portus
714 1859 952 1897 munitiones
981 1859 1114 1897 labore
1144 1860 1297 1908 expleto
1326 1859 1494 1909 amplius
1524 1871 1572 1898 cc
1594 1867 1630 1899 25

207 1941 225 1968 4
247 1927 355 1963 mi'lza
394 1924 567 1962 hostium
607 1924 839 1962 interficeret
874 1937 947 1961 nec
985 1923 1114 1961 minus
1153 1925 1275 1961 multa
1308 1932 1472 1973 caperet.
1542 1924 1572 1962 si

247 1990 334 2041 quis
382 1991 458 2027 hoc
506 1989 721 2027 rebellandi
769 1997 934 2038 tempus,
980 2002 1058 2038 quo
1097 1989 1277 2026 Athenae
1325 1997 1574 2038 oppugnatae

246 2069 269 2093 a
298 2056 405 2093 Sulla
438 2061 538 2099 sunt,
570 2053 736 2102 imputat
768 2052 1088 2099 Atheniensibus,
1121 2051 1304 2090 nimirum
1332 2053 1413 2090 ueri
1448 2062 1575 2091 uetus-

247 2119 415 2169 tatisque
453 2118 607 2167 ignarus
647 2126 727 2155 est:
776 2119 877 2155 adeo
911 2117 1016 2155 enim
1055 2125 1159 2155 certa
1193 2117 1494 2155 Atheniensium
1534 2117 1572 2155 in

295 2233 306 2251 1
337 2221 420 2252 Mari
438 2220 485 2252 P:
513 2219 608 2250 Marii
626 2220 658 2249 A
765 2212 805 2258 Q.
824 2220 856 2249 A
1013 2229 1032 2258 5
1056 2219 1105 2253 sir
1130 2219 1162 2248 A
1183 2220 1228 2249 bis
1380 2220 1400 2249 8
1425 2226 1497 2250 erat
1514 2221 1570 2251 del.

248 2270 321 2296 aule
338 2265 572 2295 inueniebatur
587 2263 620 2292 A
776 2274 814 2294 10
839 2263 996 2303 preberet
1012 2263 1044 2292 A
1202 2273 1239 2293 12
1257 2263 1282 2293 is
1301 2273 1428 2294 nocens
1445 2264 1551 2294 Halm
1568 2275 1575 2294 :

249 2311 410 2340 innocens
424 2307 512 2338 AP:
537 2316 663 2337 nocens
683 2307 830 2337 Gelenius
911 2307 1028 2346 suique
1039 2306 1210 2336 Acidalins
1338 2317 1375 2346 13
1399 2307 1574 2346 quicquam

249 2363 319 2393 ΑΡ
450 2372 487 2400 14
512 2362 610 2392 COS.
635 2361 668 2390 A
760 2362 890 2392 Cinnae
907 2361 939 2390 A
1078 2371 1114 2399 17
1141 2361 1218 2400 imp.
1237 2361 1307 2391 ΑΡ
1436 2372 1476 2392 22
1501 2368 1576 2401 post

249 2418 305 2448 del.
321 2417 435 2448 Nova'k
545 2427 586 2456 23
612 2416 832 2454 Boetiamque
843 2416 876 2445 A
990 2425 1029 2454 25
1056 2415 1143 2446 Pirei
1156 2415 1226 2445 ΑΡ
1311 2410 1359 2447 c—c-.
1380 2416 1458 2457 (om.
1472 2416 1576 2457 milia)

250 2460 320 2490 ΑΡ
446 2461 488 2490 28
513 2461 580 2499 inp.
598 2459 630 2489 A
649 2471 656 2490 :
680 2460 758 2499 imp.
776 2459 810 2489 P

896 2532 939 2561 40
