1799 2864
593 224 795 261 VELLEI
828 223 1144 263 PATERCVLI

207 332 464 382 frequentiam
504 332 542 371 in
581 333 718 371 urbem
751 333 954 372 acciuerat.
1027 347 1048 372 e
1081 347 1159 384 qua
1191 335 1326 383 pulsus
1359 334 1531 383 collegae

206 396 533 447 optimatiumque
572 397 718 436 uiribus
757 411 847 435 cum
886 398 925 435 in
960 398 1218 448 Campaniam
1257 399 1445 444 tenderet,
1485 411 1531 436 ex

206 461 434 500 auctoritate
462 470 619 500 senatus
647 463 872 500 consulatus
894 462 929 500 ei
952 462 1160 511 abrogatus
1184 471 1242 500 est
1266 464 1530 511 suffectusque

206 525 245 562 in
284 525 366 563 eius
400 527 532 564 locum
568 528 609 563 L.
647 525 853 564 Cornelius
889 527 1042 564 Merula
1076 527 1218 564 flamen
1252 526 1374 565 dialis.
1434 527 1530 563 haec

167 589 344 635 4iniuria
382 590 542 628 homine
581 603 700 639 quam
739 591 920 639 exemplo
953 590 1106 639 dignior
1144 591 1225 628 fuit.
1284 599 1366 629 tum
1403 590 1568 630 Cinna5

206 654 395 703 corruptis
426 654 552 704 primo
584 654 878 692 centurionibus
909 667 955 692 ac
984 654 1160 701 tribunis,
1192 668 1283 693 mox
1313 655 1430 693 etiam
1462 668 1530 704 spe

206 718 417 768 largitionis
447 718 646 765 militibus,
675 719 725 756 ab
755 732 803 757 eo
832 719 1012 765 exercitu,
1036 719 1103 768 qui
1132 719 1234 757 circa
1263 721 1407 758 Nolam
1437 728 1528 766 erat,

206 791 383 832 receptus
422 791 490 820 est.
549 782 580 821 is
623 796 714 820 cum
752 782 957 821 uniuersus
1000 783 1039 820 in
1078 784 1198 821 uerba
1235 784 1318 822 eius
1356 784 1528 831 iurasset,

206 847 375 885 retinens
414 846 580 896 insignia
613 848 838 885 consulatus
872 847 1018 896 patriae
1052 847 1198 885 bellum
1237 847 1376 895 intulit,
1412 850 1531 887 fretus

206 910 353 960 ingenti
391 925 555 949 numero
594 924 788 949 nouorum
823 911 980 958 ciuium,
1014 925 1035 950 e
1067 925 1234 961 quorum
1269 913 1424 951 delectu
1458 925 1532 951 ccc

205 975 372 1024 amplius
404 977 584 1014 cohortes
616 976 898 1025 conscripserat
927 990 973 1014 ac
1002 976 1156 1026 triginta
1185 977 1383 1026 legionum
1413 978 1532 1016 instar

168 1059 184 1088 5
206 1040 445 1089 impleuerat.
505 1053 604 1089 opus
625 1048 704 1078 erat
728 1040 902 1089 partibus
928 1041 1169 1088 auctoritate,
1192 1041 1302 1079 cuius
1328 1044 1531 1092 augendae

205 1105 326 1154 gratia
347 1106 390 1144 C.
416 1105 587 1143 Marium
614 1119 704 1143 cum
726 1105 806 1144 filio
831 1107 880 1144 de
904 1105 1018 1144 exilio
1046 1106 1245 1144 reuocauit
1269 1106 1416 1156 quique
1440 1121 1530 1145 cum

206 1169 251 1207 iis
271 1169 373 1218 pulsi
394 1177 512 1207 erant.

143 1253 187 1279 21
261 1236 369 1272 Dum
399 1235 546 1272 bellum
573 1242 705 1272 autern
732 1234 846 1273 infert
872 1235 1018 1284 patriae
1046 1235 1186 1282 Cinna,
1209 1236 1281 1275 Cn.
1306 1237 1529 1286 Pompeius,

208 1298 345 1348 Magni
364 1306 483 1348 pater,
507 1298 616 1336 cuius
637 1301 834 1348 praeclara
854 1313 972 1349 opera
993 1300 1097 1338 bello
1126 1300 1297 1338 Marsico
1323 1301 1531 1350 praecipue

206 1362 308 1400 circa
324 1362 514 1401 Picenum
530 1376 676 1413 agrum,
695 1371 737 1401 ut
757 1363 1087 1413 praescripsimus,
1106 1378 1176 1402 usa
1191 1372 1271 1402 erat
1287 1378 1345 1403 res
1362 1365 1530 1414 publica,

206 1428 352 1478 quique
373 1429 564 1466 Asculum
589 1436 754 1478 ceperat,
777 1428 879 1466 circa
905 1442 1023 1478 quam
1051 1429 1200 1476 urbem,
1223 1443 1313 1467 cum
1338 1430 1377 1467 in
1401 1430 1533 1468 multis

206 1493 289 1530 aliis
310 1492 534 1542 regionibus
555 1493 744 1531 exercitus
765 1493 929 1542 dispersi
953 1495 1090 1540 forent,
1115 1505 1226 1530 LXXV
1254 1495 1361 1532 milia
1386 1494 1532 1532 ciuium

169 1577 181 1597 α
208 1559 492 1604 Romanorum,
522 1557 690 1606 amplius
726 1569 777 1594 LX
809 1557 1035 1596 Italicorum
1067 1571 1145 1595 una
1173 1558 1237 1596 die
1267 1558 1531 1606 conflixerant,

206 1624 407 1660 frustratus
428 1635 496 1671 spe
517 1622 775 1660 continuandi
791 1624 1016 1661 consulatus
1037 1622 1090 1660 ita
1105 1636 1146 1660 se
1162 1622 1327 1661 dubium
1344 1624 1533 1662 medium—

207 1701 283 1737 que
303 1687 477 1737 partibus
498 1687 698 1736 praestitit,
721 1696 762 1725 ut
783 1687 916 1726 omnia
936 1701 982 1726 ex
1001 1687 1158 1737 proprio
1185 1701 1258 1725 usu
1284 1697 1413 1737 ageret
1440 1697 1533 1727 tem-

204 1753 447 1802 poribusque
471 1751 645 1790 insidiari
666 1752 873 1799 uideretur,
897 1760 934 1790 et
958 1753 1035 1790 huc
1055 1761 1173 1802 atque
1193 1752 1295 1799 illuc,
1318 1754 1424 1791 unde
1445 1767 1533 1803 spes

208 1817 330 1855 maior
359 1816 580 1855 adfulsisset
611 1817 821 1866 potentiae,
854 1831 939 1855 sese
973 1817 1263 1866 exercitumque
1297 1819 1530 1856 deflecteret.

171 1906 187 1935 3
207 1883 276 1920 sed
305 1883 356 1920 ad
386 1881 567 1919 ultimum
595 1895 738 1932 magno
764 1882 965 1932 atrocique
992 1881 1140 1931 proelio
1170 1895 1260 1919 cum
1286 1882 1415 1921 Cinna
1444 1896 1534 1921 con·
1576 1894 1591 1922 5

251 2022 270 2051 5
295 1987 451 2042 hominem
466 2022 599 2051 mquam
624 2012 657 2041 A
686 2013 755 2054 (sic)
888 2014 909 2042 6
932 2013 1038 2052 primo
1063 2011 1115 2043 P:
1146 2002 1219 2052 {Ha
1243 2013 1298 2044 A:
1318 2014 1399 2052 sort.
1427 2015 1535 2053 pretio

210 2111 225 2139 7
250 2100 409 2139 largionis
426 2099 458 2129 A
554 2110 593 2131 10
615 2095 683 2130 ΕΞ.
701 2099 734 2129 P
833 2110 868 2130 11
893 2076 1115 2140 diggtripserat
1130 2100 1164 2129 A
1184 2099 1251 2140 (sic‘,
1360 2112 1397 2131 12
1421 2107 1534 2132 aucto-

209 2143 307 2174 ritate
341 2144 447 2182 gratia
478 2144 572 2174 cuius
604 2145 782 2182 augendae
807 2142 979 2184 (augenda
1004 2143 1054 2184 A)
1085 2145 1121 2175 C.
1148 2144 1290 2175 Marium
1316 2145 1405 2176 AP:
1440 2147 1534 2176 cuius

209 2188 385 2226 augendae
413 2187 521 2226 gratia
549 2187 691 2227 Madmg
718 2191 747 2217 et
772 2187 808 2218 G.
831 2187 877 2219 A.
905 2188 1017 2218 Koclz:
1054 2188 1148 2218 euius
1183 2190 1360 2227 augendae
1393 2190 1535 2219 causales

204 2230 534 2270 genitiuosfam'ebant
550 2231 713 2260 Ruhnken
735 2234 764 2260 et
786 2231 883 2261 Kritz
1016 2241 1051 2270 17
1069 2232 1330 2270 ,prestripsimus
1352 2232 1384 2261 A
1403 2244 1410 2263 :
1438 2243 1533 2272 prae-

209 2274 353 2304 diximus
374 2274 560 2304 Rulmken:
584 2284 685 2313 supra
708 2275 905 2314 scripsimus
921 2275 1042 2305 Frt'ebel
1126 2280 1262 2315 tres-p„
1279 2286 1343 2306 res.
1362 2287 1393 2315 p.
1410 2276 1443 2305 A
1464 2277 1533 2315 (sic)

213 2338 249 2367 19
273 2338 365 2358 Lxxv
383 2328 512 2369 scripsi:
546 2329 692 2367 quinque
710 2333 743 2358 et
761 2339 837 2360 Lxx.
855 2329 888 2358 A
907 2341 914 2360 :
946 2329 1093 2368 quinque
1110 2334 1143 2359 et
1161 2324 1236 2360 ᾗ.
1260 2329 1294 2359 Ρ
1444 2331 1535 2361 milia

209 2394 274 2414 om.
292 2382 362 2412 ΑΡ
491 2394 533 2413 20
558 2393 609 2414 Lx.
630 2383 662 2412 A
681 2395 688 2414 ε
711 2382 764 2414 Π.
781 2383 816 2412 Ρ
936 2393 973 2413 21
1001 2384 1100 2414 COS.
1118 2384 1204 2414 sulta
1221 2395 1258 2415 se
1274 2384 1306 2414 A
1434 2395 1475 2415 22
1500 2391 1535 2416 ut

209 2436 272 2455 0111.
291 2426 323 2454 A
342 2436 349 2455 :
366 2426 448 2464 sort.
467 2427 580 2456 omnia
604 2431 640 2457 ut
771 2438 812 2465 24
836 2427 997 2457 adfuisset
1013 2426 1091 2467 AF,
1116 2438 1179 2459 em.
1202 2428 1314 2458 Aldus
1417 2434 1534 2468 poten—

210 2470 275 2499 tiae
291 2479 367 2500 sese
384 2470 492 2500 Halm
507 2481 514 2500 ε
538 2470 690 2510 potentia
706 2480 781 2500 esse
798 2470 830 2500 A
850 2483 856 2502 :
880 2471 1049 2510 potentiae
1067 2481 1103 2501 se
1121 2470 1154 2500 P

854 2546 895 2584 58

1556 925 1591 945 [Ο

1556 1569 1594 1589 20

1795 635 1799 643 .
1792 596 1799 611 v-
1786 315 1799 585 ³..ssss
1791 302 1796 306 ι

1790 1042 1799 1293 ...nnuma-*mnunnna
1788 1018 1799 1031 ⁴2
1797 999 1799 1004 Δ
1798 980 1799 987 ᾼ

1798 2664 1799 2697 ᾼῌ
1787 1346 1799 2655 ψΑΔ-ψ-μψκᾸ-ιἈΜΨ-ϋνιὴι
1792 1312 1799 1333 -r
