1799 2864
639 211 843 249 VELLEI
875 210 1192 249 PATERCVLI

256 336 374 361 causa
393 323 443 361 ad
464 336 554 361 eum
576 323 798 368 deferretur,
821 335 901 359 non
922 321 961 359 ui
981 321 1031 359 ab
1052 334 1099 359 eo
1127 327 1393 370 occuparetur,
1416 319 1583 369 cupidis-

257 388 389 434 simus,
412 389 490 426 dux
520 388 623 425 bello
653 386 920 436 peritissimus,
946 385 1043 423 ciuis
1072 385 1111 423 in
1143 393 1243 435 toga,
1276 385 1348 423 nisi
1379 384 1447 422 ubi
1478 397 1584 422 uere-

257 460 359 490 retur
389 466 438 490 ne
467 465 585 502 quem
617 451 777 488 haberet
807 463 951 499 parem,
981 449 1303 496 modestissimus,
1325 448 1583 487 amicitiarum

257 525 382 564 tenax,
406 517 445 554 in
475 515 632 555 offensis
662 514 879 561 exorabilis,
901 514 940 551 in
975 514 1264 553 reconcilianda
1294 514 1414 564 gratia
1445 513 1585 552 fidelis-

258 581 390 627 simus,
426 581 465 618 in
504 580 735 629 accipienda
765 579 1029 617 satisfactione
1059 579 1277 625 facillimus,
1310 578 1485 628 potentia
1516 591 1586 616 sua
1605 589 1620 619 5

220 661 239 689 4
260 660 477 696 numquam
515 654 581 683 aut
616 658 700 682 raro
730 645 781 682 ad
815 643 1074 693 inpotentiam
1109 657 1212 690 usus,
1248 657 1373 693 paene
1407 643 1584 682 omnium

262 711 444 749 uitiorum
467 723 612 759 expers,
636 708 709 747 nisi
734 716 1001 746 numeraretur
1026 708 1126 746 inter
1146 708 1314 746 maxima
1335 706 1407 760 [in]
1429 708 1587 746 ciuitate

262 776 382 813 libera
409 774 649 823 dominaque
675 773 850 823 gentium
878 773 1081 822 indignari,
1108 786 1198 811 cum
1225 772 1353 811 omnis
1380 772 1476 810 ciuis
1506 772 1587 810 iure

263 840 423 877 haberet
461 838 573 888 paris,
610 851 850 887 quemquam
884 839 1089 888 aequalem
1121 837 1309 887 dignitate
1347 836 1584 886 conspicere.

225 923 241 952 5
262 904 325 942 hic
355 917 378 941 a
409 912 499 952 toga
529 902 628 940 uirili
658 903 844 940 adsuetus
876 902 1107 940 commilitio
1140 901 1433 952 prudentissimi
1464 901 1586 947 ducis,

261 968 430 1018 parentis
452 967 521 1014 sui,
545 967 695 1005 bonum
716 975 753 1005 et
774 980 896 1016 capax
916 975 1020 1005 recta
1040 966 1218 1005 discendi
1242 966 1441 1016 ingenium
1463 965 1590 1015 singu-

262 1033 330 1070 lari
351 1046 478 1070 rerum
509 1031 733 1069 militarium
760 1032 969 1081 prudentia
995 1033 1215 1070 excoluerat
1235 1032 1289 1069 ita
1309 1040 1349 1069 ut
1369 1045 1392 1069 a
1418 1030 1589 1069 Sertorio

265 1099 449 1135 Metellus
470 1098 692 1135 laudaretur
712 1097 845 1146 magis,
869 1097 1080 1146 Pompeius
1101 1097 1300 1135 timeretur
1320 1096 1497 1134 ualidius.

192 1178 246 1215 30
318 1164 423 1200 Turn
442 1163 496 1199 M.
517 1164 723 1210 Perpenna
742 1161 968 1210 praetorius,
987 1175 1007 1199 e
1028 1161 1263 1211 proscriptis,
1278 1161 1403 1211 gentis
1420 1159 1590 1198 clarioris

265 1241 383 1277 quam
404 1226 536 1273 animi,
559 1226 772 1265 Sertorium
797 1226 896 1264 inter
916 1240 1054 1264 cenam
1076 1227 1204 1265 Oscae
1230 1226 1425 1264 interemit
1447 1228 1591 1263 Roma·
1633 1259 1641 1267 ,

265 1293 404 1342 nisque
434 1300 579 1330 certam
611 1291 827 1338 uictoriam,
859 1292 1034 1341 partibus
1068 1291 1147 1330 suis
1178 1291 1385 1338 excidium,
1414 1290 1489 1329 sibi
1518 1298 1592 1327 tur-

230 1376 244 1397 2
266 1357 467 1407 pissimam
500 1364 665 1394 mortem
700 1356 1122 1405 pessimoauctorauit
1155 1356 1337 1394 facinore.
1409 1357 1594 1394 Metellus

266 1429 304 1459 et
332 1420 545 1470 Pompeius
572 1434 618 1458 ex
646 1420 851 1470 Hispaniis
878 1420 1217 1470 triumphauerunt
1232 1435 1242 1468 3
1271 1421 1341 1459 sed
1368 1420 1592 1469 Pompeius,

268 1487 344 1524 hoc
373 1498 533 1534 quoque
564 1485 764 1534 triumpho
797 1487 928 1524 adhuc
962 1499 1083 1534 eques
1114 1487 1331 1532 Romanus,
1362 1493 1453 1523 ante
1487 1484 1592 1523 diem

231 1567 247 1596 ρ,
268 1564 387 1600 quarn
409 1551 656 1587 consulatum
684 1550 807 1596 iniret,
831 1564 944 1588 curru
968 1551 1106 1588 urbem
1136 1550 1315 1589 inuectus
1347 1558 1414 1589 est.
1473 1564 1592 1600 quem

269 1615 396 1652 uirum
428 1614 515 1663 quis
550 1628 630 1652 non
661 1614 820 1652 miretur
850 1628 918 1664 per
947 1623 1004 1653 tot
1034 1615 1335 1653 extraordinaria
1364 1616 1526 1665 imperia
1555 1616 1594 1654 in

270 1693 469 1717 summum
484 1679 679 1728 fastigium
695 1687 877 1717 euectum
894 1680 1030 1729 iniquo
1047 1680 1181 1718 tulisse
1194 1680 1338 1727 animo,
1358 1682 1401 1719 C.
1419 1681 1596 1720 Caesaris

271 1745 434 1782 absentis
462 1744 501 1782 in
531 1746 653 1782 altero
683 1746 889 1783 consulatu
918 1746 1092 1794 petendo
1120 1753 1299 1783 senatum
1326 1748 1597 1796 populumque

319 1858 332 1878 1
359 1848 391 1877 ui
406 1847 613 1878 Mommsen:
640 1852 675 1878 ut
688 1847 759 1877 ΑΡ
844 1859 863 1878 2
886 1849 1016 1879 emis-is
1033 1849 1115 1879 ciuis
1130 1849 1197 1889 (sic)
1212 1849 1245 1878 A
1261 1861 1268 1881 :
1290 1850 1372 1879 ciuis
1384 1850 1416 1879 P
1501 1860 1520 1888 3
1537 1860 1600 1880 nec

273 1902 373 1930 quern
390 1891 423 1919 A
501 1903 520 1929 4
540 1891 829 1922 reconsiliandaA
907 1902 926 1931 5
944 1892 1150 1922 facilimusA
1228 1894 1249 1922 6
1266 1893 1343 1932 imp.
1356 1892 1426 1922 ΑΡ
1469 1893 1597 1936 ρεῃςΑ

275 1945 292 1974 7
319 1940 473 1965 uotorum
490 1934 568 1972 ΑΡ,
591 1945 652 1965 em.
672 1935 785 1964 Aldus
960 1936 994 1966 in
1013 1936 1149 1966 ciuitate
1166 1936 1218 1966 B:
1246 1937 1279 1966 in
1304 1937 1477 1966 ciuitatem
1495 1939 1539 1975 A,
1567 1937 1600 1967 in

273 1982 302 2008 et
319 1989 350 2008 m
367 1979 450 2008 linea
466 1977 553 2016 infra
570 1979 689 2008 notatis
703 1990 710 2009 ε
734 1979 871 2008 ciuitate
887 1978 920 2008 P
1048 1980 1068 2009 8
1092 1990 1209 2009 omnes
1226 1981 1318 2010 ciues
1335 1980 1365 2009 A
1497 1991 1518 2019 9
1543 1991 1603 2020 par

275 2031 507 2061 esquenquam
533 2022 601 2062 (sic)
619 2022 651 2050 A
790 2032 828 2052 10
852 2023 946 2053 hicce
973 2027 1011 2053 ξε)
1038 2033 1122 2062 coga
1146 2024 1215 2063 (sic)
1238 2024 1270 2052 A
1290 2036 1296 2054 :
1330 2024 1425 2053 hicce
1454 2028 1531 2063 toga
1550 2023 1603 2054 P:

275 2066 329 2096 hic
355 2076 374 2095 a
399 2070 476 2103 toga
502 2065 533 2094 Β
620 2066 816 2104 adsumptus
842 2066 1006 2096 Ruhnken
1152 2077 1190 2096 12
1215 2067 1413 2106 prudentiae
1441 2067 1603 2098 celeriora

276 2114 310 2139 et
336 2119 355 2138 a
382 2108 465 2143 <oeta
491 2113 650 2148 suprascr.
678 2111 730 2139 &a
757 2109 807 2148 A)
834 2108 923 2140 PA:
958 2110 1137 2149 prudentia
1161 2110 1303 2140 celerior
1325 2111 1369 2141 ita
1392 2115 1427 2141 ut
1454 2122 1473 2141 a
1494 2111 1605 2151 potius

276 2152 447 2192 legendum
482 2152 623 2182 censebat
653 2152 778 2182 Bur-er:
822 2154 998 2191 prudentia
1029 2154 1223 2184 excoluerat
1260 2154 1423 2193 (coluerat
1462 2154 1601 2193 Gruner)

277 2196 441 2226 Ruhnken
534 2205 570 2234 13
596 2195 734 2225 timetur
747 2196 878 2226 ualidus
895 2196 927 2225 A
1030 2207 1067 2233 14
1083 2198 1208 2236 *gem-§b
1223 2198 1336 2236 gentis
1351 2198 1384 2227 A
1405 2198 1473 2236 (sic)
1566 2207 1603 2236 15

280 2240 422 2270 Etoscae
434 2238 509 2278 AP⁷
523 2249 574 2268 em
598 2238 783 2270 Puteanus:
801 2244 835 2270 et
847 2240 1025 2279 hospitium
1045 2241 1155 2271 Oscae
1185 2241 1328 2271 Thomas
1417 2241 1604 2271 Romanos-

278 2293 343 2322 que
371 2282 404 2311 A
574 2283 614 2312 16
638 2283 864 2321 turpissimam
896 2289 1031 2322 t-effpeffl
1061 2286 1233 2326 (suprascr.
1266 2286 1421 2315 mortem*
1455 2285 1602 2324 pessimi-1

280 2327 373 2364 (olim
401 2326 563 2366 pessimo)
593 2327 782 2356 auctorauit
811 2327 826 2356 f
860 2326 892 2355 A
925 2327 992 2366 (sic)
1140 2338 1176 2367 17
1202 2329 1381 2358 maturauit
1408 2327 1606 2358 Cornelissen

284 2371 321 2400 18
345 2374 377 2400 et
398 2380 461 2400 om.
485 2369 517 2398 A
610 2369 786 2408 Hispaniis
804 2370 891 2401 BA:
917 2370 1081 2410 Hispanis
1096 2370 1130 2400 P
1257 2381 1296 2401 21
1321 2372 1396 2411 quis
1415 2372 1607 2401 nominetur

280 2413 313 2442 A
332 2424 338 2444 ;
365 2424 446 2442 num
463 2413 652 2444 ominetur?
766 2423 807 2443 22
832 2419 965 2444 uectum
982 2413 1058 2454 ΑΡ,
1076 2425 1138 2446 em.
1157 2414 1316 2445 Heinsius
1427 2415 1539 2445 animo
1556 2414 1606 2445 P:

280 2457 394 2496 iniquo
412 2456 444 2485 A
579 2466 620 2495 23
644 2456 794 2487 absentis
811 2457 883 2487 add.
901 2457 1030 2488 Krause

921 2548 963 2588 48
