1799 2864
650 234 855 272 VELLEI
886 233 1204 273 PATERCVLI

270 342 405 393 populi
433 342 628 382 Romani:
658 342 806 393 Assyrii
834 342 1030 392 principes
1057 342 1236 381 omnium
1262 342 1437 392 gentium
1464 356 1592 381 rerum

269 407 382 458 potiti
402 415 503 455 sunt,
526 408 671 447 deinde
693 407 816 454 Medi,
838 415 975 457 postea
996 409 1148 454 Persae,
1164 406 1309 446 deinde
1324 408 1568 446 Macedones
1584 422 1593 454 3

270 473 411 512 exinde
439 474 595 512 duobus
625 473 779 523 regibus
810 471 994 522 Philippo
1023 479 1061 510 et
1087 471 1299 519 Antiocho,
1329 472 1396 522 qui
1419 486 1442 511 a
1463 474 1594 510 Mace-

269 537 441 577 donibus
470 537 626 577 oriundi
654 545 774 584 erant,
796 537 904 575 haud
933 537 1058 575 multo
1084 544 1174 586 post
1198 537 1476 587 Carthaginem
1506 537 1595 576 sub-

268 611 396 641 actam
426 602 592 641 deuictis
621 615 776 640 summa
805 600 943 650 imperi
968 602 1020 639 ad
1045 602 1237 650 populum
1258 603 1486 640 Romanum
1513 615 1594 652 per·
1614 620 1628 650 ,-

270 667 387 705 uenit.
446 667 545 705 inter
568 668 645 705 hoc
668 674 824 715 tempus
848 673 886 704 et
910 665 1066 703 initium
1090 665 1189 715 regis
1214 665 1309 704 Nini
1333 667 1592 716 Assyriorum,

270 731 336 781 qui
356 731 537 781 princeps
558 745 686 770 rerum
706 730 864 780 potitus,
887 729 1079 769 intersunt
1099 729 1192 768 anni
1213 730 1490 784 MDCCCCXCV.]

228 809 250 846 7
325 796 456 834 Huius
483 796 670 846 temporis
695 795 869 845 aequalis
891 794 1094 833 Hesiodus
1121 794 1204 842 fuit,
1227 794 1330 833 circa
1357 807 1442 834 cxx
1469 809 1594 835 annos

269 861 475 899 distinctus
513 861 563 899 ab
603 860 772 899 Homeri
809 867 946 906 aetate,
986 859 1045 897 uir
1082 859 1340 909 perelegantis
1387 859 1519 909 ingeni
1557 868 1595 899 et

272 925 499 964 mollissima
519 925 729 964 dulcedine
753 924 971 963 carminum
998 924 1275 971 memorabilis,
1298 924 1353 963 oti
1374 924 1596 974 quietisque

270 991 558 1040 cupidissimus,
590 999 632 1029 ut
660 998 838 1040 tempore
867 997 976 1028 tanto
1005 989 1100 1036 uiro,
1129 989 1182 1027 ita
1210 989 1339 1039 operis
1367 989 1596 1028 auctoritate

271 1055 478 1105 proximus.
538 1055 605 1105 qui
634 1054 784 1102 uitauit,
809 1067 859 1093 ne
885 1053 925 1092 in
955 1053 996 1092 id
1025 1055 1134 1103 quod
1162 1056 1365 1093 Homerus
1394 1054 1594 1101 incideret,

270 1120 513 1170 patriamque
534 1128 571 1158 et
597 1127 778 1170 parentes
804 1126 967 1158 testatus
994 1127 1063 1166 est,
1086 1120 1156 1157 sed
1182 1119 1358 1169 patriam,
1381 1119 1472 1169 quia
1502 1121 1598 1158 mul-

235 1197 248 1216 2
270 1193 371 1223 tatus
391 1186 441 1223 ab
463 1199 508 1223 ea
527 1192 619 1232 erat,
634 1183 1041 1223 contumeliosissime.
1092 1184 1188 1222 dum
1209 1184 1249 1222 in
1269 1184 1437 1223 externis
1454 1198 1594 1231 moror,

270 1250 391 1288 incidi
424 1250 465 1288 in
498 1264 580 1288 rem
615 1249 874 1288 domesticam
908 1248 1147 1298 maximique
1180 1248 1317 1287 erroris
1357 1257 1395 1288 et
1429 1251 1595 1288 multum
1641 1269 1656 1297 5

269 1315 557 1364 discrepantem
594 1322 800 1353 auctorum
831 1313 1109 1363 opinionibus:
1157 1327 1250 1351 nam
1281 1313 1443 1364 quidam
1481 1314 1597 1353 huius

269 1379 455 1429 temporis
476 1386 600 1417 tractu
620 1379 729 1417 aiunt
749 1393 773 1417 a
792 1378 932 1417 Tuscis
948 1379 1128 1428 Capuam
1149 1380 1375 1429 Nolamque
1395 1379 1596 1418 conditam

231 1463 246 1490 3
268 1453 359 1483 ante
391 1457 517 1483 annos
551 1445 631 1482 fere
662 1455 869 1482 Deccxxx.
929 1443 1072 1493 quibus
1112 1443 1298 1493 equidem
1332 1445 1597 1483 adsenserim:

269 1511 338 1548 sed
378 1511 433 1547 M.
476 1510 577 1548 Cato
615 1517 808 1558 quantum
852 1508 1005 1547 differt!
1054 1508 1122 1558 qui
1169 1508 1274 1547 dicat
1321 1510 1500 1559 Capuam
1547 1511 1598 1548 ab

270 1575 409 1612 iisdem
429 1573 570 1612 Tuscis
597 1573 799 1612 conditam
823 1587 869 1612 ac
896 1573 1065 1612 subinde
1086 1575 1232 1612 Nolam
1246 1588 1257 1621 3
1290 1574 1443 1613 stetisse
1465 1584 1596 1613 autem

271 1640 460 1689 Capuam,
475 1647 688 1688 antequam
703 1652 727 1677 a
741 1638 933 1677 Romanis
955 1646 1168 1688 caperetur,
1183 1638 1296 1677 annis
1313 1639 1464 1678 circiter
1478 1652 1593 1678 CCLx.

232 1718 250 1744 4
270 1705 378 1754 quod
399 1703 430 1742 si
450 1703 503 1741 ita
523 1710 592 1750 est,
615 1717 705 1741 curn
733 1703 810 1742 sint
829 1717 852 1742 a
873 1705 1012 1753 Capua
1039 1711 1154 1753 capta
1179 1703 1274 1742 anni
1299 1715 1417 1751 CCXL,
1438 1712 1482 1742 ut
1508 1718 1598 1743 con-

270 1768 351 1806 dita
380 1776 448 1815 est,
480 1767 573 1805 anni
603 1776 694 1806 sunt
727 1769 806 1806 fere
835 1780 873 1806 D.
933 1781 1017 1817 ego,
1049 1781 1147 1817 pace
1177 1767 1403 1818 diligentiae
1435 1769 1598 1809 Catonis

270 1832 443 1880 dixerim,
466 1832 531 1871 uix
550 1832 783 1871 crediderim
804 1840 884 1871 tam
909 1841 1059 1872 mature
1085 1840 1234 1872 tantam
1258 1834 1395 1872 urbem
1416 1834 1596 1881 creuisse,

271 1897 457 1943 floruisse,
481 1896 714 1944 concidisse,
736 1897 998 1936 resurrexisse.

227 1969 251 2006 8
325 1962 595 2002 Clarissimum
644 1962 790 2002 deinde
839 1963 1018 2001 omniurn
1070 1962 1265 2001 ludicrum
1316 1972 1513 2002 certamen
1561 1972 1599 2003 et

271 2028 321 2065 ad
352 2026 599 2065 excitandam
631 2027 803 2077 corporis
837 2027 1038 2078 animique
1068 2027 1252 2066 uirtutem
1286 2028 1599 2067 efficacissimum

272 2091 546 2141 Olympiorum
575 2091 730 2130 initium
760 2092 908 2140 habuit,
930 2100 1131 2131 auctorem
1162 2092 1338 2142 Iphitum
1366 2093 1508 2132 Elium.
1568 2094 1600 2132 is

271 2170 338 2195 eos
380 2157 494 2195 ludos
538 2165 833 2207 mercatumque
878 2157 1044 2196 instituit
1081 2165 1172 2196 ante
1209 2171 1346 2205 annos,
1387 2172 1506 2209 quam
1544 2166 1596 2205 tu,

316 2271 334 2300 3
351 2261 428 2300 quia
441 2261 475 2291 P
560 2270 579 2300 5
597 2261 731 2300 imperii
748 2261 781 2291 Ρ
866 2263 886 2292 6
904 2262 982 2293 Nini
994 2262 1197 2293 Rhenanus:
1223 2262 1298 2293 Nisi
1310 2263 1344 2293 Ρ
1426 2273 1442 2301 7
1459 2263 1600 2303 potitust

273 2304 459 2334 Mommsen
526 2315 547 2345 9
570 2305 759 2336 disiunctus
774 2305 936 2345 Pluygers
1018 2305 1192 2345 ingeniiP
1258 2316 1296 2336 10
1320 2306 1428 2337 ociiP
1495 2316 1533 2336 12
1550 2306 1599 2336 in-

271 2348 399 2378 ciderat
416 2348 456 2387 Ρ,
475 2358 536 2379 em.
557 2348 708 2379 Gelenius
779 2349 873 2379 Num
890 2360 920 2388 q.
941 2359 971 2380 u.
992 2349 1024 2381 id
1042 2350 1075 2379 in
1093 2349 1182 2387 quod
1198 2348 1242 2379 H.
1262 2349 1448 2380 inciderat?
1562 2359 1600 2389 15

272 2402 477 2440 maximique
490 2401 674 2432 Rhenanus
688 2413 695 2432 :
717 2403 931 2442 maximeque
948 2403 982 2434 Ρ
1070 2405 1108 2434 18
1125 2413 1280 2435 Dcccxxx
1293 2403 1327 2434 Ρ
1411 2413 1454 2434 20
1471 2403 1599 2434 eisdem

272 2455 305 2485 Ρ
413 2466 451 2486 21
477 2466 561 2487 ccrx
585 2456 618 2486 Ρ
733 2467 775 2487 22
799 2467 883 2489 ccxx.
907 2458 940 2489 Ρ
1068 2467 1109 2497 23
1133 2454 1206 2489 1312
1321 2459 1364 2490 28
1387 2457 1600 2498 Olympicum

272 2498 445 2530 Acidalius
499 2510 544 2531 an
561 2499 704 2533 Eleum?

929 2563 949 2595 6
