1799 2864
111 943 150 966 10

107 1585 146 1606 20

715 230 884 267 LIBER
915 230 956 267 II

174 343 346 394 exempli
379 343 620 381 tribunatum
651 341 857 390 ingressus,
880 342 995 390 longe
1022 340 1169 378 maiora
1200 348 1238 379 et
1270 341 1418 380 acriora
1448 356 1502 380 re—

175 417 314 458 petens
348 408 468 447 dabat
502 406 700 445 ciuitatem
735 405 920 444 omnibus
955 404 1113 452 Italicis,
1146 406 1382 444 extendebat
1413 420 1498 445 eam

175 486 300 523 paene
337 485 461 522 usque
499 470 621 520 Alpis,
657 469 861 509 diuidebat
899 482 1022 519 agros,
1062 469 1221 507 uetabat
1259 483 1498 520 quemquam
1519 490 1538 518 3

175 538 302 576 ciuem
340 538 427 586 plus
465 534 688 586 quingentis
722 534 919 584 iugeribus
950 534 1106 580 habere,
1140 535 1248 583 quod
1286 533 1499 584 aliquando

174 605 258 653 lege
279 602 430 641 Licinia
455 610 614 640 cautum
641 610 733 648 erat,
755 615 861 639 noua
887 601 1151 639 constituebat
1181 600 1363 650 portoria,
1386 601 1499 638 nouis

173 669 337 707 coloniis
357 669 531 718 replebat
551 667 784 717 prouincias,
807 666 951 705 iudicia
970 680 993 704 a
1016 674 1153 705 senatu
1174 665 1428 703 transferebat
1449 668 1498 703 ad

171 733 333 783 equites,
363 735 602 771 frumentum
634 732 740 781 plebi
769 731 851 770 dari
881 731 1098 769 instituerat
1115 745 1125 778 ,·
1163 730 1259 768 nihil
1288 730 1496 777 inmotum,

169 798 266 836 nihil
297 798 561 848 tranquillum,
595 797 692 835 nihil
723 797 911 847 quietum,
949 798 1054 834 m'lzil
1077 795 1250 846 denique
1280 795 1320 833 in
1354 795 1495 833 eodem

170 871 271 901 statu
292 863 561 913 relinquebat3
601 862 695 912 quin
722 863 885 900 alterum
913 861 1029 899 etiam
1056 860 1302 899 continuauit
1328 860 1498 898 tribuna-

168 935 262 966 tum.
337 930 459 966 Hunc
508 930 549 965 L.
592 927 774 976 Opimius
812 928 962 973 consul,
1002 926 1070 976 qui
1107 933 1261 975 praetor
1303 927 1535 975 Fregellas4

167 992 373 1039 exciderat,
395 1000 621 1042 persecutus
641 991 757 1030 armis
784 1004 941 1041 unaque
973 990 1155 1029 Fuluium
1187 991 1383 1037 Flaccum,
1406 1004 1497 1028 con-

167 1058 333 1095 sularem
371 1070 417 1095 ac
451 1056 727 1106 triumphalem
765 1055 905 1102 uirum,
940 1069 1066 1105 aeque
1099 1069 1220 1105 praua
1257 1055 1492 1104 cupientem,

167 1135 284 1171 quem
324 1123 368 1161 C.
411 1123 612 1160 Gracchus
650 1121 690 1158 in
728 1122 860 1159 locum
903 1121 1036 1159 Tiberi
1080 1120 1204 1159 fratris
1249 1120 1493 1159 triumuirum

166 1187 448 1234 nominauerat‚
471 1188 642 1225 eundem
664 1186 815 1224 socium
835 1186 971 1236 regalis
991 1187 1262 1235 adsumpserat
1282 1186 1492 1235 potentiae,

167 1260 291 1290 morte
311 1252 465 1290 adfecit.
524 1251 565 1289 id
585 1265 707 1289 unum
729 1251 874 1289 nefarie
893 1251 943 1288 ab
965 1250 1126 1300 Opimio
1152 1251 1363 1300 proditum,
1385 1253 1494 1300 quod
1514 1271 1530 1300 5

166 1315 302 1365 capitis
337 1329 417 1354 non
451 1316 581 1354 dicam
613 1315 792 1362 Gracchi,
824 1316 894 1353 sed
925 1315 1021 1353 ciuis
1054 1316 1226 1354 Romani
1254 1316 1423 1366 pretium
1453 1330 1493 1354 se

165 1381 346 1418 daturum
386 1380 505 1430 idque
543 1394 637 1418 auro
675 1393 929 1429 repensurum
968 1380 1181 1430 proposuit.
1252 1382 1415 1419 Flaccus
1454 1382 1491 1419 in
1513 1394 1532 1423 6

166 1445 366 1483 Auentino
397 1453 565 1483 armatos
592 1447 643 1483 ad
669 1458 841 1494 pugnam
869 1445 980 1483 ciens·
1002 1459 1093 1483 cum
1120 1445 1200 1484 filio
1221 1446 1367 1484 maiore
1387 1446 1494 1496 iugu-

166 1510 265 1547 latus
286 1519 368 1557 est‚·
398 1511 598 1548 Gracchus
619 1509 854 1559 profugiens,
877 1523 966 1548 cum
991 1510 1067 1547 iarn
1095 1512 1493 1559 comprehenderetur

164 1574 215 1611 ab
254 1574 310 1620 iis,
351 1587 450 1623 quos
491 1574 672 1623 Opimius
718 1574 885 1621 miserat,
929 1574 1123 1612 ceruicem
1172 1577 1333 1624 Euporo
1378 1589 1491 1614 seruo

162 1638 352 1688 praebuit,
379 1639 446 1688 qui
473 1652 553 1677 non
583 1638 739 1688 segnius
766 1652 807 1677 se
836 1639 920 1688 ipse
948 1638 1154 1686 interemit,
1178 1653 1297 1689 quam
1327 1641 1491 1679 domino

162 1712 410 1742 succurrerat.
471 1718 550 1754 quo
570 1704 634 1742 die
655 1703 857 1753 singularis
879 1704 1075 1753 Pomponi
1095 1704 1236 1754 equitis
1258 1706 1430 1743 Romani
1451 1706 1488 1743 in

163 1769 385 1807 Gracchum
407 1770 504 1807 fides
524 1768 606 1816 fuit,
629 1769 696 1819 qui
723 1782 832 1807 more
859 1769 1021 1808 Coclitis
1047 1769 1272 1808 sustentatis
1303 1770 1343 1808 in
1368 1780 1490 1820 ponte

163 1832 341 1871 hostibus
355 1833 449 1880 eius,
463 1833 594 1883 gladio
610 1846 651 1871 se
667 1833 864 1871 transfixit.
901 1841 943 1871 ut
956 1833 1015 1871 Ti.
1028 1834 1197 1872 Gracchi
1208 1842 1324 1873 antea
1336 1849 1488 1885 corpu5,
1513 1857 1527 1887 ς

163 1896 216 1935 ita
236 1897 309 1935 Gai
330 1898 426 1936 mira
446 1898 674 1936 crudelitate
694 1898 886 1936 uictorum
908 1898 947 1936 in
969 1898 1143 1937 Tiberim
1165 1899 1363 1938 deiectum
1383 1910 1450 1939 est.

209 2010 222 2030 1
250 2005 410 2040 repetens
433 2001 521 2031 AP:
545 2006 666 2041 petens
684 2002 847 2032 Ruhnken
969 2012 988 2040 3
1012 2012 1118 2042 usque
1137 2003 1210 2044 [ad]
1228 2002 1346 2034 Nova'k
1468 2010 1488 2035 ὁ

162 2044 348 2084 prouintias
362 2045 393 2074 A
507 2055 523 2083 7
548 2055 613 2084 aeq.
625 2046 658 2075 A
750 2046 831 2075 dare
844 2045 965 2085 Aldus,
979 2046 1036 2076 sed
1045 2046 1116 2076 uide
1133 2046 1276 2085 Wo‘ffin
1290 2048 1336 2077 ad
1343 2048 1370 2079 b.
1384 2049 1485 2087 Afric.

162 2097 212 2125 51.
228 2098 248 2117 2
332 2088 528 2118 instituebat
538 2089 638 2118 Herel
714 2089 801 2120 imm.
815 2088 885 2118 ΑΡ
991 2089 1011 2119 8
1035 2090 1117 2120 nihil
1134 2091 1221 2130 (ante
1234 2091 1397 2130 denique)
1410 2093 1484 2123 add.

161 2131 276 2161 Haase
300 2131 500 2171 praecedente
529 2132 667 2162 Orellio:
707 2133 788 2162 nihil
816 2133 968 2171 quietum
997 2133 1144 2172 denique
1173 2138 1206 2164 et
1234 2135 1268 2163 in
1297 2136 1416 2165 eodem
1444 2142 1484 2167 st.

162 2174 373 2214 relinquebat
399 2174 501 2205 Boot:
523 2175 605 2214 sort.
629 2186 740 2215 neque
765 2176 799 2206 in
825 2187 853 2207 e.
879 2180 967 2206 statu
1123 2187 1162 2207 10
1186 2177 1285 2209 COS.
1302 2179 1359 2217 qui
1386 2178 1419 2208 P.
1443 2180 1482 2212 R.

161 2218 194 2248 A
211 2222 240 2247 et
264 2218 297 2248 in
322 2228 429 2257 marg.
456 2218 610 2248 PRAET
756 2229 791 2249 11
819 2224 1043 2258 persequutus
1066 2219 1101 2250 P
1241 2232 1277 2260 13
1302 2222 1400 2252 tiberi
1428 2224 1485 2254 A:

161 2260 285 2291 Tiberii
296 2260 329 2291 P
418 2271 455 2300 14
470 2272 545 2292 eum
557 2262 645 2292 AP:
663 2273 808 2301 eumque
823 2263 988 2295 Gelenius:
1006 2274 1114 2303 eoque
1125 2264 1283 2294 Heinsius
1294 2269 1323 2295 el
1333 2266 1464 2305 Bentley
1479 2279 1486 2297 :

160 2304 274 2345 seris>si
284 2305 427 2335 eundem
500 2314 538 2344 15
554 2306 667 2336 adficit
678 2306 755 2347 AF,
774 2318 835 2337 em.
847 2306 946 2336 Herel
1014 2309 1052 2337 16
1076 2309 1231 2347 praetium
1244 2310 1439 2340 sedaturum
1452 2313 1483 2341 A

356 2356 384 2372 ΥΕ

163 2391 200 2420 17
225 2388 350 2415 aur-01³6
393 2392 575 2420 pensurum
591 2383 624 2413 A
646 2383 714 2422 (sic)
809 2384 847 2413 18
871 2388 1016 2414 armatos
1036 2385 1204 2415 Gelenius:
1232 2392 1381 2418 armatus
1397 2388 1485 2419 AP:

160 2425 202 2455 ad
219 2424 306 2455 AP:
331 2430 479 2455 armatus
496 2436 533 2456 ac
550 2436 582 2465 p.
607 2427 700 2457 ciens
724 2427 821 2457 Kritz
920 2437 960 2457 22
984 2429 1105 2467 equitis
1123 2447 1130 2454 ·
1150 2429 1192 2458 R·
1209 2430 1242 2460 A
1345 2441 1386 2470 24
1411 2433 1484 2462 eius

161 2467 217 2499 del.
235 2468 392 2498 Heinsius
516 2479 552 2500 se
572 2470 677 2510 [ipse]
695 2469 811 2500 Nova‘k
934 2471 992 2501 tibi
1009 2472 1080 2511 del„
1099 2472 1171 2503 dem
1187 2479 1346 2514 suprascr.
1364 2475 1434 2506 Tib.
1450 2479 1480 2507 A

160 2520 200 2550 25
224 2511 364 2550 gaimira
380 2517 538 2553 suprascr.
558 2512 619 2543 Gai
637 2514 720 2544 mira
737 2514 769 2544 A
787 2525 794 2544 ε
818 2514 892 2545 Gaii
911 2515 992 2545 mira
1009 2516 1042 2546 P

807 2576 843 2608 ²5
