1799 2864
690 252 859 289 LIBER
890 253 932 290 II

155 361 325 411 recipere
359 375 399 400 se
437 369 688 411 negauerunt,
721 361 820 399 sicut
854 363 1056 411 quondam
1091 363 1261 402 Caudini
1292 365 1471 408 fecerant,

155 426 330 465 dicentes
359 426 556 476 publicam
587 425 839 464 uiolationem
870 426 962 465 fidei
992 440 1071 465 non
1103 428 1247 466 debere
1278 428 1393 467 unius
1421 430 1474 467 lui

155 492 351 541 sanguine.

210 558 416 594 Inmanem
446 555 595 593 deditio
626 555 803 593 Mancini
831 555 997 594 ciuitatis
1028 555 1152 594 mouit
1175 556 1470 595 dissensionem.
1493 565 1517 590 2

117 636 133 666 5
155 621 300 670 quippe
327 620 508 658 Tiberius
536 622 748 667 Gracchus,
771 620 905 658 Tiberi
937 621 1104 659 Gracchi
1131 621 1332 660 clarissimi
1358 629 1476 671 atque

154 685 451 724 eminentissimi
488 685 559 723 uiri
598 685 709 731 filius,
751 687 790 722 P.
829 685 1001 723 Africani
1034 699 1080 723 ex
1118 685 1195 724 filia
1226 699 1361 736 nepos,
1397 700 1475 736 quo

153 757 359 800 quaestore
390 757 427 788 et
458 757 616 788 auctore
647 749 687 788 id
718 751 857 787 foedus
891 749 1012 787 ictum
1046 757 1137 797 erat,
1172 764 1278 788 nunc
1310 750 1476 800 grauiter
1499 762 1511 781 2

153 816 279 852 ferens
306 814 454 863 aliquid
474 827 497 852 a
517 827 557 852 se
578 815 724 852 factum
751 813 946 860 infirmari,
969 827 1075 852 nunc
1103 814 1238 853 similis
1264 816 1327 853 uel
1356 814 1473 853 iudici

153 881 215 917 uel
253 892 405 928 poenae
439 887 617 917 metuens
656 878 877 925 discrimen,
914 878 1092 917 tribunus
1134 881 1184 928 pl.
1221 887 1383 927 creatus,
1419 880 1476 917 uir

95 959 133 980 10
151 943 297 993 alioqui
311 944 391 981 uita
407 943 762 989 innocentissimus,
778 943 935 992 ingenio
951 943 1259 991 florentissimus,
1275 944 1476 994 proposito

152 1008 429 1054 sanctissimus,
463 1008 578 1045 tantis
613 1008 784 1057 denique
812 1009 1024 1046 adornatus
1056 1008 1275 1055 uirtutibus,
1311 1018 1476 1059 quantas

152 1073 322 1121 perfecta
355 1080 393 1110 et
427 1080 563 1110 natura
596 1080 634 1110 et
672 1072 862 1110 industria
900 1072 1073 1111 mortalis
1111 1073 1294 1112 condicio
1327 1073 1473 1123 recipit,

154 1140 194 1175 P.
220 1137 357 1175 Mucio
387 1138 574 1175 Scaevola
604 1139 645 1175 L.
677 1137 891 1186 Calpurnio
921 1137 1148 1176 consulibus
1177 1138 1322 1176 abhinc
1350 1152 1474 1177 annos

152 1214 265 1241 chu
293 1202 458 1240 desciuit
487 1215 510 1239 a
540 1201 666 1248 bonis,
688 1202 963 1252 pollicitusque
994 1203 1065 1241 toti
1098 1203 1233 1241 Italiae
1263 1203 1473 1250 ciuitatem,
1496 1212 1512 1240 3

98 1284 134 1314 15
153 1268 268 1306 simul
295 1267 410 1305 etiarn
438 1266 690 1316 promulgatis
721 1267 875 1316 agrariis
906 1267 1067 1316 legibus,
1090 1267 1273 1305 omnibus
1295 1269 1475 1307 †factum

153 1331 535 1381 concupiscentibus,
570 1345 723 1369 summa
756 1331 843 1369 imis
878 1331 1032 1369 miscuit
1071 1339 1108 1370 et
1147 1332 1186 1369 in
1224 1341 1474 1382 praeruptum

151 1406 269 1447 atque
288 1409 433 1445 anceps
457 1396 672 1445 periculum
699 1395 861 1433 adduxit
888 1409 968 1434 rem
995 1396 1205 1446 publicam,
1228 1396 1475 1446 Octauioque

151 1465 323 1512 collegae
343 1475 413 1511 pro
433 1462 540 1499 bono
561 1461 720 1510 publico
742 1461 857 1499 stanti
879 1461 1084 1511 imperium
1110 1461 1324 1511 abrogauit,
1346 1462 1477 1500 trium-

151 1528 254 1566 uiros
285 1527 384 1577 agris
422 1526 647 1565 diuidendis
686 1526 930 1576 coloniisque
969 1526 1213 1565 deducendis
1251 1527 1396 1566 creauit
1435 1541 1475 1566 se

94 1612 132 1634 20
151 1605 409 1641 socerumque
441 1604 566 1637 suum,
595 1592 840 1628 consularem
872 1590 1057 1640 Appium,
1080 1599 1117 1629 et
1147 1590 1290 1631 Gaium
1320 1592 1472 1630 fratrem

150 1658 367 1696 admodum
388 1656 582 1693 iuuenem.

203 1724 307 1760 Tum
338 1723 378 1759 P.
412 1720 543 1769 Scipio
579 1719 733 1767 Nasica,
770 1720 852 1758 eius
886 1719 954 1769 qui
987 1720 1158 1770 optimus
1191 1720 1250 1758 uir
1282 1734 1305 1759 a
1338 1729 1474 1759 senatu
1494 1722 1516 1757 3

150 1786 342 1825 iudicatus
363 1793 454 1832 erat,
477 1798 612 1834 nepos,
635 1785 718 1823 eius
745 1785 811 1834 qui
839 1798 978 1823 censor
1007 1785 1179 1834 porticus
1208 1785 1248 1823 in
1278 1785 1475 1835 Capitolio

150 1853 303 1897 fecerat,
340 1850 452 1897 filius,
488 1863 685 1899 pronepos
716 1857 845 1888 autern
883 1851 955 1889 Cn.
992 1849 1198 1899 Scipionis,
1233 1850 1474 1889 celeberrimi

94 1932 129 1963 25
151 1916 222 1955 uiri
248 1918 287 1954 P.
312 1914 483 1953 Africani
506 1914 643 1964 patrui,
666 1914 697 1952 is
722 1914 974 1964 priuatusque
1000 1922 1038 1953 et
1065 1922 1229 1964 togatus,
1252 1928 1343 1954 cum
1374 1924 1474 1954 esset

197 2029 210 2049 1
236 2019 388 2049 fecerunt
400 2017 475 2055 ΑΡ,
496 2027 555 2048 em.
574 2017 732 2047 Heinsius
856 2027 875 2056 5
898 2016 971 2048 Tib.
988 2017 1040 2047 P:
1056 2017 1206 2057 Tempus
1219 2018 1264 2057 A,
1284 2017 1376 2057 quod
1390 2018 1473 2048 uidc-

149 2067 206 2093 tur
219 2073 283 2092 esse
297 2061 347 2092 Ti.
362 2061 584 2100 Sempronius
667 2060 861 2091 Graacchus
880 2060 1033 2101 (scdpost
1049 2071 1178 2091 erasum
1195 2062 1356 2100 gracchu»
1372 2062 1474 2091 Tibur

1457 2114 1474 2130 ὃ

150 2139 269 2170 Gracci
285 2138 317 2168 A
428 2139 448 2167 6
469 2146 576 2176 quoqy
596 2147 663 2176 quo
680 2137 712 2167 A
734 2137 803 2178 (sic)
915 2147 936 2176 9
959 2137 1094 2168 intuens
1111 2138 1143 2167 A
1250 2148 1287 2176 14
1312 2137 1474 2168 desciuite

148 2184 181 2213 A
202 2183 271 2223 (sic)
373 2190 410 2220 15
435 2181 557 2211 sactum
575 2182 606 2211 A
625 2191 631 2210 :
662 2185 788 2211 statum
805 2180 856 2210 P:
880 2181 991 2211 statim
1011 2181 1272 2220 Gelem'nszsort.
1294 2182 1472 2212 certiorem

149 2231 271 2257 statum
355 2224 557 2255 Sententiam
575 2224 703 2254 Boecler
721 2224 890 2264 e.17›l1'ca1‹z't
912 2235 951 2254 ex
967 2224 1027 2256 Cic.
1046 2224 1128 2255 Sest.
1148 2225 1199 2263 48.
1221 2235 1281 2263 103
1295 2224 1472 2263 Agrariam

149 2270 198 2301 Ti.
217 2269 390 2300 Gracchus
414 2268 522 2306 legem
548 2267 698 2297 serebat:
735 2272 830 2305 grata
854 2273 926 2298 erat
952 2268 1101 2307 populo:
1134 2268 1288 2298 fortunae
1312 2269 1469 2298 constitui

149 2314 338 2344 tenuiorum
361 2312 571 2350 uidebantur,
591 2314 618 2340 et
639 2310 714 2342 Vell.
733 2311 764 2341 ii.
784 2321 834 2349 72.
852 2320 871 2350 5
895 2311 1022 2341 nullum
1047 2311 1244 2341 habentibus
1261 2317 1384 2342 statum
1401 2313 1471 2350 qui-

149 2357 230 2387 libet
254 2357 323 2386 dux
347 2360 419 2385 erat
451 2355 591 2384 idoneus
727 2364 763 2393 17
788 2355 896 2393 adque
914 2355 947 2385 A
1095 2355 1133 2385 18
1157 2355 1308 2393 publicos
1331 2356 1413 2385 tanti
1438 2356 1470 2385 A

149 2401 219 2431 abr.
236 2400 287 2430 P:
323 2398 501 2437 adrogauit
524 2398 588 2428 ΒΑ
690 2398 875 2437 t-rffimphez
902 2399 935 2438 (e
959 2398 1088 2434 incerta)
1114 2398 1298 2428 triumuiro.
1325 2399 1417 2428 sanis
1437 2399 1469 2428 A

152 2443 220 2482 (sic)
357 2452 395 2481 19
418 2441 613 2480 colonisque
632 2441 764 2482 Lipsius
894 2452 936 2472 20
959 2446 993 2472 et
1010 2442 1199 2472 Gracchum
1220 2442 1403 2482 (Grachum
1421 2442 1471 2481 A)

149 2487 286 2517 fratrem
303 2485 378 2526 ΑΡ,
398 2495 474 2516 corr.
493 2484 600 2514 Halm
738 2495 778 2522 24
803 2484 892 2525 se(oe
910 2486 1056 2525 A)cerat
1072 2485 1161 2516 AP:
1185 2490 1326 2516 uouerat
1342 2485 1473 2520 Bentley

149 2540 189 2569 25
214 2535 352 2570 patruus
369 2529 456 2559 AP:
481 2528 591 2568 patrui
609 2529 636 2558 is
652 2528 772 2567 Aldus,
793 2528 830 2567 qs.
850 2529 880 2560 ii.
900 2539 929 2567 4.
950 2539 962 2558 1

799 2601 832 2622 21
