<?xml version="1.0" encoding="UTF-8"?>
<!DOCTYPE html PUBLIC "-//W3C//DTD XHTML 1.0 Transitional//EN"
    "http://www.w3.org/TR/xhtml1/DTD/xhtml1-transitional.dtd">
<html xmlns="http://www.w3.org/1999/xhtml" xml:lang="en" lang="en">
 <head>
  <title>
</title>
<meta http-equiv="Content-Type" content="text/html;charset=utf-8" />
  <meta name='ocr-system' content='tesseract 3.04.00' />
  <meta name='ocr-capabilities' content='ocr_page ocr_carea ocr_par ocr_line ocrx_word'/>
</head>
<body>
  <div class='ocr_page' id='page_1' title='image "admvinciumlibrid00velluoft_0189.png"; bbox 0 0 1799 2864; ppageno 0'>
   <div class='ocr_carea' id='block_1_1' title="bbox 451 199 1244 240">
    <p class='ocr_par' dir='ltr' id='par_1_1' title="bbox 451 199 1244 240">
     <span class='ocr_line' id='line_1_1' title="bbox 451 199 1244 240; baseline -0.006 0"><span class='ocrx_word' id='word_1_1' title='bbox 451 203 512 240; x_wconf 93' lang='lat' dir='ltr'>IN</span> <span class='ocrx_word' id='word_1_2' title='bbox 542 204 578 239; x_wconf 87' lang='lat' dir='ltr'>V</span> <span class='ocrx_word' id='word_1_3' title='bbox 582 202 832 240; x_wconf 83' lang='lat' dir='ltr'>ELLEIVM</span> <span class='ocrx_word' id='word_1_4' title='bbox 863 199 1244 239; x_wconf 74' lang='lat' dir='ltr'><strong>PATERCVLVM</strong></span> 
     </span>
    </p>
   </div>
   <div class='ocr_carea' id='block_1_2' title="bbox 183 305 1532 2490">
    <p class='ocr_par' dir='ltr' id='par_1_2' title="bbox 183 305 1507 530">
     <span class='ocr_line' id='line_1_2' title="bbox 183 305 1506 358; baseline -0.005 -9"><span class='ocrx_word' id='word_1_5' title='bbox 183 325 260 358; x_wconf 90' lang='lat' dir='ltr'>par.</span> <span class='ocrx_word' id='word_1_6' title='bbox 304 314 502 358; x_wconf 87' lang='lat' dir='ltr'>Recteque,</span> <span class='ocrx_word' id='word_1_7' title='bbox 518 305 657 358; x_wconf 86' lang='lat' dir='ltr'>opinor,</span> <span class='ocrx_word' id='word_1_8' title='bbox 673 313 717 347; x_wconf 92' lang='lat' dir='ltr'>V.</span> <span class='ocrx_word' id='word_1_9' title='bbox 733 323 904 346; x_wconf 77' lang='lat' dir='ltr'><em>conamen</em></span> <span class='ocrx_word' id='word_1_10' title='bbox 922 311 1085 345; x_wconf 86' lang='lat' dir='ltr'>dicturus</span> <span class='ocrx_word' id='word_1_11' title='bbox 1105 317 1180 345; x_wconf 85' lang='lat' dir='ltr'>erat</span> <span class='ocrx_word' id='word_1_12' title='bbox 1199 310 1235 344; x_wconf 89' lang='lat' dir='ltr'>id</span> <span class='ocrx_word' id='word_1_13' title='bbox 1254 321 1324 354; x_wconf 90' lang='lat' dir='ltr'>quo</span> <span class='ocrx_word' id='word_1_14' title='bbox 1344 308 1506 343; x_wconf 75' lang='lat' dir='ltr'>Catullus</span> 
     </span>
     <span class='ocr_line' id='line_1_3' title="bbox 184 366 1506 415; baseline -0.005 -9"><span class='ocrx_word' id='word_1_15' title='bbox 184 372 231 406; x_wconf 86' lang='lat' dir='ltr'>ad</span> <span class='ocrx_word' id='word_1_16' title='bbox 250 372 370 406; x_wconf 84' lang='lat' dir='ltr'>uarias</span> <span class='ocrx_word' id='word_1_17' title='bbox 389 372 515 405; x_wconf 84' lang='lat' dir='ltr'>laudes</span> <span class='ocrx_word' id='word_1_18' title='bbox 534 381 690 415; x_wconf 81' lang='lat' dir='ltr'>poeseos</span> <span class='ocrx_word' id='word_1_19' title='bbox 704 369 908 414; x_wconf 81' lang='lat' dir='ltr'>adspiraret</span> <span class='ocrx_word' id='word_1_20' title='bbox 927 369 1036 402; x_wconf 89' lang='lat' dir='ltr'>modo</span> <span class='ocrx_word' id='word_1_21' title='bbox 1055 369 1196 410; x_wconf 86' lang='lat' dir='ltr'>melica,</span> <span class='ocrx_word' id='word_1_22' title='bbox 1216 368 1326 401; x_wconf 88' lang='lat' dir='ltr'>modo</span> <span class='ocrx_word' id='word_1_23' title='bbox 1345 366 1506 410; x_wconf 65' lang='lat' dir='ltr'>Hegias,</span> 
     </span>
     <span class='ocr_line' id='line_1_4' title="bbox 184 425 1507 474; baseline -0.005 -11"><span class='ocrx_word' id='word_1_24' title='bbox 184 441 280 463; x_wconf 87' lang='lat' dir='ltr'>nunc</span> <span class='ocrx_word' id='word_1_25' title='bbox 294 429 476 474; x_wconf 84' lang='lat' dir='ltr'>Epyllion,</span> <span class='ocrx_word' id='word_1_26' title='bbox 495 439 592 462; x_wconf 91' lang='lat' dir='ltr'>nunc</span> <span class='ocrx_word' id='word_1_27' title='bbox 612 427 889 471; x_wconf 76' lang='lat' dir='ltr'>Epigrammata</span> <span class='ocrx_word' id='word_1_28' title='bbox 903 426 1097 460; x_wconf 89' lang='lat' dir='ltr'>scribendo</span> <span class='ocrx_word' id='word_1_29' title='bbox 1115 438 1120 459; x_wconf 83' lang='lat' dir='ltr'>z</span> <span class='ocrx_word' id='word_1_30' title='bbox 1141 433 1176 460; x_wconf 87' lang='lat' dir='ltr'>et</span> <span class='ocrx_word' id='word_1_31' title='bbox 1192 426 1228 459; x_wconf 88' lang='lat' dir='ltr'>in</span> <span class='ocrx_word' id='word_1_32' title='bbox 1242 426 1310 458; x_wconf 91' lang='lat' dir='ltr'>hoc</span> <span class='ocrx_word' id='word_1_33' title='bbox 1325 425 1507 469; x_wconf 81' lang='lat' dir='ltr'>quadrant</span> 
     </span>
     <span class='ocr_line' id='line_1_5' title="bbox 184 483 1373 530; baseline -0.005 -9"><span class='ocrx_word' id='word_1_34' title='bbox 184 488 298 522; x_wconf 87' lang='lat' dir='ltr'>uerba</span> <span class='ocrx_word' id='word_1_35' title='bbox 317 487 472 530; x_wconf 72' lang='lat' dir='ltr'>suscepti</span> <span class='ocrx_word' id='word_1_36' title='bbox 487 487 606 530; x_wconf 66' lang='lat' dir='ltr'>operis</span> <span class='ocrx_word' id='word_1_37' title='bbox 626 497 633 519; x_wconf 89' lang='lat'>:</span> <span class='ocrx_word' id='word_1_38' title='bbox 661 485 759 529; x_wconf 90' lang='lat' dir='ltr'>quod</span> <span class='ocrx_word' id='word_1_39' title='bbox 776 484 874 518; x_wconf 86' lang='lat' dir='ltr'>enim</span> <span class='ocrx_word' id='word_1_40' title='bbox 893 483 1086 527; x_wconf 89' lang='lat' dir='ltr'>suscipitur</span> <span class='ocrx_word' id='word_1_41' title='bbox 1104 494 1282 516; x_wconf 80' lang='lat' dir='ltr'>conamen</span> <span class='ocrx_word' id='word_1_42' title='bbox 1309 489 1373 516; x_wconf 90' lang='lat' dir='ltr'>est.</span> 
     </span>
    </p>

    <p class='ocr_par' dir='ltr' id='par_1_3' title="bbox 184 538 1511 694">
     <span class='ocr_line' id='line_1_6' title="bbox 233 538 1508 588; baseline -0.004 -11"><span class='ocrx_word' id='word_1_43' title='bbox 233 553 318 588; x_wconf 82' lang='lat'>374</span> <span class='ocrx_word' id='word_1_44' title='bbox 343 555 417 577; x_wconf 90' lang='lat' dir='ltr'>non</span> <span class='ocrx_word' id='word_1_45' title='bbox 446 554 527 577; x_wconf 89' lang='lat' dir='ltr'>esse</span> <span class='ocrx_word' id='word_1_46' title='bbox 557 549 662 586; x_wconf 83' lang='lat' dir='ltr'>turpe</span> <span class='ocrx_word' id='word_1_47' title='bbox 693 542 739 576; x_wconf 87' lang='lat' dir='ltr'>ab</span> <span class='ocrx_word' id='word_1_48' title='bbox 770 553 813 575; x_wconf 86' lang='lat' dir='ltr'>eo</span> <span class='ocrx_word' id='word_1_49' title='bbox 842 540 937 575; x_wconf 85' lang='lat' dir='ltr'>uinci</span> <span class='ocrx_word' id='word_1_50' title='bbox 965 552 1074 584; x_wconf 85' lang='lat' dir='ltr'>quem</span> <span class='ocrx_word' id='word_1_51' title='bbox 1104 540 1250 574; x_wconf 90' lang='lat' dir='ltr'>uincere</span> <span class='ocrx_word' id='word_1_52' title='bbox 1281 546 1377 573; x_wconf 91' lang='lat' dir='ltr'>esset</span> <span class='ocrx_word' id='word_1_53' title='bbox 1404 538 1508 572; x_wconf 85' lang='lat' dir='ltr'>nefas</span> 
     </span>
     <span class='ocr_line' id='line_1_7' title="bbox 184 597 1511 646; baseline -0.004 -11"><span class='ocrx_word' id='word_1_54' title='bbox 184 613 304 646; x_wconf 87' lang='lat' dir='ltr'>neque</span> <span class='ocrx_word' id='word_1_55' title='bbox 332 601 524 635; x_wconf 85' lang='lat' dir='ltr'>inhoneste</span> <span class='ocrx_word' id='word_1_56' title='bbox 557 600 716 645; x_wconf 83' lang='lat' dir='ltr'>aliquem</span> <span class='ocrx_word' id='word_1_57' title='bbox 751 599 929 633; x_wconf 84' lang='lat' dir='ltr'>summitti</span> <span class='ocrx_word' id='word_1_58' title='bbox 963 597 1048 631; x_wconf 88' lang='lat' dir='ltr'>huic</span> <span class='ocrx_word' id='word_1_59' title='bbox 1083 609 1190 642; x_wconf 85' lang='lat' dir='ltr'>quern</span> <span class='ocrx_word' id='word_1_60' title='bbox 1225 598 1368 631; x_wconf 85' lang='lat' dir='ltr'>fortuna</span> <span class='ocrx_word' id='word_1_61' title='bbox 1401 608 1511 640; x_wconf 89' lang='lat' dir='ltr'>super</span> 
     </span>
     <span class='ocr_line' id='line_1_8' title="bbox 185 658 601 694; baseline -0.005 0"><span class='ocrx_word' id='word_1_62' title='bbox 185 671 313 694; x_wconf 88' lang='lat' dir='ltr'>omnes</span> <span class='ocrx_word' id='word_1_63' title='bbox 334 658 532 693; x_wconf 83' lang='lat' dir='ltr'>extulisset.</span> <span class='ocrx_word' id='word_1_64' title='bbox 552 658 601 692; x_wconf 86' lang='grc' dir='ltr'>Α.</span> 
     </span>
    </p>

    <p class='ocr_par' dir='ltr' id='par_1_4' title="bbox 186 711 1510 809">
     <span class='ocr_line' id='line_1_9' title="bbox 233 711 1510 760; baseline -0.004 -10"><span class='ocrx_word' id='word_1_65' title='bbox 233 717 316 751; x_wconf 90' lang='lat' dir='ltr'>huic</span> <span class='ocrx_word' id='word_1_66' title='bbox 333 729 399 750; x_wconf 84' lang='lat' dir='ltr'>om.</span> <span class='ocrx_word' id='word_1_67' title='bbox 415 717 457 757; x_wconf 80' lang='lat' dir='ltr'>P,</span> <span class='ocrx_word' id='word_1_68' title='bbox 478 717 584 750; x_wconf 79' lang='lat' dir='ltr'>cuius</span> <span class='ocrx_word' id='word_1_69' title='bbox 601 718 641 750; x_wconf 84' lang='lat' dir='ltr'>z&#39;n</span> <span class='ocrx_word' id='word_1_70' title='bbox 659 716 829 760; x_wconf 68' lang='lat' dir='ltr'>mmgz’ne</span> <span class='ocrx_word' id='word_1_71' title='bbox 842 714 1044 747; x_wconf 69' lang='lat' dir='ltr'>Rhenanus</span> <span class='ocrx_word' id='word_1_72' title='bbox 1061 714 1260 747; x_wconf 70' lang='lat' dir='ltr'>aduolauit</span> <span class='ocrx_word' id='word_1_73' title='bbox 1271 711 1374 746; x_wconf 86' lang='lat' dir='ltr'>Alias</span> <span class='ocrx_word' id='word_1_74' title='bbox 1393 722 1510 755; x_wconf 89' lang='lat' dir='ltr'>neque</span> 
     </span>
     <span class='ocr_line' id='line_1_10' title="bbox 186 775 230 809; baseline 0 0"><span class='ocrx_word' id='word_1_75' title='bbox 186 775 230 809; x_wconf 91' lang='lat' dir='ltr'>ei.</span> 
     </span>
    </p>

    <p class='ocr_par' dir='ltr' id='par_1_5' title="bbox 187 825 1515 1108">
     <span class='ocr_line' id='line_1_11' title="bbox 236 825 1512 876; baseline -0.005 -10"><span class='ocrx_word' id='word_1_76' title='bbox 236 831 326 876; x_wconf 81' lang='lat' dir='ltr'>Quis</span> <span class='ocrx_word' id='word_1_77' title='bbox 355 843 429 865; x_wconf 91' lang='lat' dir='ltr'>non</span> <span class='ocrx_word' id='word_1_78' title='bbox 460 831 519 865; x_wconf 84' lang='lat' dir='ltr'>hic</span> <span class='ocrx_word' id='word_1_79' title='bbox 554 842 697 876; x_wconf 89' lang='lat' dir='ltr'>quoque</span> <span class='ocrx_word' id='word_1_80' title='bbox 728 836 905 874; x_wconf 87' lang='lat' dir='ltr'>agnoscat</span> <span class='ocrx_word' id='word_1_81' title='bbox 933 828 1198 873; x_wconf 81' lang='lat' dir='ltr'>praestantiam</span> <span class='ocrx_word' id='word_1_82' title='bbox 1225 825 1512 862; x_wconf 87' lang='lat' dir='ltr'>Amerbachiani</span> 
     </span>
     <span class='ocr_line' id='line_1_12' title="bbox 187 883 1512 934; baseline -0.004 -11"><span class='ocrx_word' id='word_1_83' title='bbox 187 889 415 934; x_wconf 79' lang='lat' dir='ltr'>apographi?</span> <span class='ocrx_word' id='word_1_84' title='bbox 456 889 543 922; x_wconf 88' lang='lat' dir='ltr'>illud</span> <span class='ocrx_word' id='word_1_85' title='bbox 569 889 656 922; x_wconf 78' lang='lat' dir='ltr'>lzm&#39;c</span> <span class='ocrx_word' id='word_1_86' title='bbox 680 899 789 933; x_wconf 90' lang='lat' dir='ltr'>quam</span> <span class='ocrx_word' id='word_1_87' title='bbox 825 887 965 929; x_wconf 86' lang='lat' dir='ltr'>Latine,</span> <span class='ocrx_word' id='word_1_88' title='bbox 999 898 1110 932; x_wconf 88' lang='lat' dir='ltr'>quam</span> <span class='ocrx_word' id='word_1_89' title='bbox 1144 887 1192 920; x_wconf 90' lang='lat' dir='ltr'>ad</span> <span class='ocrx_word' id='word_1_90' title='bbox 1223 897 1363 920; x_wconf 87' lang='lat' dir='ltr'>morem</span> <span class='ocrx_word' id='word_1_91' title='bbox 1396 883 1512 918; x_wconf 87' lang='lat' dir='ltr'>Vellei</span> 
     </span>
     <span class='ocr_line' id='line_1_13' title="bbox 188 942 1514 989; baseline -0.005 -7"><span class='ocrx_word' id='word_1_92' title='bbox 188 948 327 982; x_wconf 85' lang='lat' dir='ltr'>dictum</span> <span class='ocrx_word' id='word_1_93' title='bbox 357 949 433 981; x_wconf 89' lang='lat' dir='ltr'>est!</span> <span class='ocrx_word' id='word_1_94' title='bbox 489 947 563 981; x_wconf 87' lang='lat' dir='ltr'>Sed</span> <span class='ocrx_word' id='word_1_95' title='bbox 597 946 708 980; x_wconf 86' lang='lat' dir='ltr'>miror</span> <span class='ocrx_word' id='word_1_96' title='bbox 733 946 829 980; x_wconf 88' lang='lat' dir='ltr'>unde</span> <span class='ocrx_word' id='word_1_97' title='bbox 861 946 999 979; x_wconf 86' lang='lat' dir='ltr'>factum</span> <span class='ocrx_word' id='word_1_98' title='bbox 1027 944 1073 978; x_wconf 92' lang='lat' dir='ltr'>sit</span> <span class='ocrx_word' id='word_1_99' title='bbox 1103 951 1140 979; x_wconf 91' lang='lat' dir='ltr'>ut</span> <span class='ocrx_word' id='word_1_100' title='bbox 1171 945 1268 989; x_wconf 85' lang='lat' dir='ltr'>quod</span> <span class='ocrx_word' id='word_1_101' title='bbox 1299 954 1395 977; x_wconf 87' lang='lat' dir='ltr'>anno</span> <span class='ocrx_word' id='word_1_102' title='bbox 1426 942 1514 985; x_wconf 80' lang='lat'>1516</span> 
     </span>
     <span class='ocr_line' id='line_1_14' title="bbox 188 1003 1515 1048; baseline -0.005 -9"><span class='ocrx_word' id='word_1_103' title='bbox 188 1005 456 1039; x_wconf 85' lang='lat' dir='ltr'>Amerbachius</span> <span class='ocrx_word' id='word_1_104' title='bbox 479 1011 577 1038; x_wconf 88' lang='lat' dir='ltr'>recte</span> <span class='ocrx_word' id='word_1_105' title='bbox 601 1004 852 1048; x_wconf 83' lang='lat' dir='ltr'>exscripserat,</span> <span class='ocrx_word' id='word_1_106' title='bbox 871 1003 917 1036; x_wconf 90' lang='lat' dir='ltr'>de</span> <span class='ocrx_word' id='word_1_107' title='bbox 939 1014 981 1036; x_wconf 91' lang='lat' dir='ltr'>eo</span> <span class='ocrx_word' id='word_1_108' title='bbox 1005 1003 1218 1044; x_wconf 84' lang='lat' dir='ltr'>Rhenanus,</span> <span class='ocrx_word' id='word_1_109' title='bbox 1238 1013 1321 1035; x_wconf 85' lang='lat' dir='ltr'>curn</span> <span class='ocrx_word' id='word_1_110' title='bbox 1345 1007 1515 1045; x_wconf 87' lang='lat' dir='ltr'>quattuor</span> 
     </span>
     <span class='ocr_line' id='line_1_15' title="bbox 189 1059 1298 1108; baseline -0.003 -12"><span class='ocrx_word' id='word_1_111' title='bbox 189 1069 271 1108; x_wconf 91' lang='lat' dir='ltr'>post</span> <span class='ocrx_word' id='word_1_112' title='bbox 290 1074 407 1096; x_wconf 86' lang='lat' dir='ltr'>annos</span> <span class='ocrx_word' id='word_1_113' title='bbox 426 1062 562 1103; x_wconf 87' lang='lat' dir='ltr'>ederet,</span> <span class='ocrx_word' id='word_1_114' title='bbox 584 1062 656 1095; x_wconf 88' lang='lat' dir='ltr'>iam</span> <span class='ocrx_word' id='word_1_115' title='bbox 675 1061 905 1095; x_wconf 85' lang='lat' dir='ltr'>dubitantem</span> <span class='ocrx_word' id='word_1_116' title='bbox 924 1072 962 1094; x_wconf 92' lang='lat' dir='ltr'>se</span> <span class='ocrx_word' id='word_1_117' title='bbox 981 1061 1162 1104; x_wconf 88' lang='lat' dir='ltr'>professus</span> <span class='ocrx_word' id='word_1_118' title='bbox 1181 1059 1298 1093; x_wconf 86' lang='lat' dir='ltr'>fuerit.</span> 
     </span>
    </p>

    <p class='ocr_par' dir='ltr' id='par_1_6' title="bbox 189 1115 1516 1221">
     <span class='ocr_line' id='line_1_16' title="bbox 238 1115 1516 1164; baseline -0.002 -11"><span class='ocrx_word' id='word_1_119' title='bbox 238 1131 289 1163; x_wconf 86' lang='lat'>39</span> <span class='ocrx_word' id='word_1_120' title='bbox 309 1130 328 1163; x_wconf 83' lang='lat'>3</span> <span class='ocrx_word' id='word_1_121' title='bbox 355 1121 403 1153; x_wconf 84' lang='lat' dir='ltr'>At</span> <span class='ocrx_word' id='word_1_122' title='bbox 424 1121 465 1153; x_wconf 91' lang='lat' dir='ltr'>T.</span> <span class='ocrx_word' id='word_1_123' title='bbox 487 1121 623 1154; x_wconf 86' lang='lat' dir='ltr'>Caesar</span> <span class='ocrx_word' id='word_1_124' title='bbox 646 1131 756 1164; x_wconf 86' lang='lat' dir='ltr'>quam</span> <span class='ocrx_word' id='word_1_125' title='bbox 781 1125 917 1152; x_wconf 85' lang='lat' dir='ltr'>certam</span> <span class='ocrx_word' id='word_1_126' title='bbox 944 1118 1122 1162; x_wconf 89' lang='lat' dir='ltr'>Hispanis</span> <span class='ocrx_word' id='word_1_127' title='bbox 1146 1117 1298 1162; x_wconf 88' lang='lat' dir='ltr'>parendi</span> <span class='ocrx_word' id='word_1_128' title='bbox 1318 1115 1516 1151; x_wconf 88' lang='lat' dir='ltr'>confessio-</span> 
     </span>
     <span class='ocr_line' id='line_1_17' title="bbox 189 1176 1313 1221; baseline -0.001 -10"><span class='ocrx_word' id='word_1_129' title='bbox 189 1189 274 1212; x_wconf 87' lang='lat' dir='ltr'>nem</span> <span class='ocrx_word' id='word_1_130' title='bbox 293 1184 492 1211; x_wconf 80' lang='lat' dir='ltr'>extorserat</span> <span class='ocrx_word' id='word_1_131' title='bbox 512 1188 638 1221; x_wconf 86' lang='lat' dir='ltr'>parem</span> <span class='ocrx_word' id='word_1_132' title='bbox 660 1176 789 1220; x_wconf 88' lang='lat' dir='ltr'>Illyriis</span> <span class='ocrx_word' id='word_1_133' title='bbox 810 1176 1065 1220; x_wconf 84' lang='lat' dir='ltr'>Delmatisque</span> <span class='ocrx_word' id='word_1_134' title='bbox 1082 1176 1244 1210; x_wconf 87' lang='lat' dir='ltr'>extorsit.</span> <span class='ocrx_word' id='word_1_135' title='bbox 1263 1176 1313 1210; x_wconf 83' lang='lat' dir='ltr'>A.</span> 
     </span>
    </p>

    <p class='ocr_par' dir='ltr' id='par_1_7' title="bbox 193 1233 1526 1682">
     <span class='ocr_line' id='line_1_18' title="bbox 239 1233 1517 1278; baseline -0.002 -10"><span class='ocrx_word' id='word_1_136' title='bbox 239 1236 326 1268; x_wconf 89' lang='lat' dir='ltr'>Non</span> <span class='ocrx_word' id='word_1_137' title='bbox 357 1241 455 1268; x_wconf 86' lang='lat' dir='ltr'>recta</span> <span class='ocrx_word' id='word_1_138' title='bbox 487 1234 577 1268; x_wconf 89' lang='lat' dir='ltr'>mihi</span> <span class='ocrx_word' id='word_1_139' title='bbox 611 1235 755 1268; x_wconf 84' lang='lat' dir='ltr'>uidetur</span> <span class='ocrx_word' id='word_1_140' title='bbox 787 1245 868 1268; x_wconf 92' lang='lat' dir='ltr'>esse</span> <span class='ocrx_word' id='word_1_141' title='bbox 902 1234 1111 1267; x_wconf 86' lang='lat' dir='ltr'>emendatio</span> <span class='ocrx_word' id='word_1_142' title='bbox 1138 1233 1260 1267; x_wconf 86' lang='lat' dir='ltr'>Vrsini</span> <span class='ocrx_word' id='word_1_143' title='bbox 1291 1245 1356 1278; x_wconf 88' lang='lat' dir='ltr'>pro</span> <span class='ocrx_word' id='word_1_144' title='bbox 1384 1234 1517 1277; x_wconf 71' lang='lat' dir='ltr'>parem</span> 
     </span>
     <span class='ocr_line' id='line_1_19' title="bbox 193 1289 1517 1336; baseline -0.002 -11"><span class='ocrx_word' id='word_1_145' title='bbox 193 1291 385 1326; x_wconf 87' lang='lat' dir='ltr'>scribentis</span> <span class='ocrx_word' id='word_1_146' title='bbox 407 1295 555 1336; x_wconf 68' lang='lat' dir='ltr'>parens,</span> <span class='ocrx_word' id='word_1_147' title='bbox 575 1292 642 1326; x_wconf 90' lang='lat' dir='ltr'>etsi</span> <span class='ocrx_word' id='word_1_148' title='bbox 670 1292 793 1326; x_wconf 89' lang='lat' dir='ltr'>multis</span> <span class='ocrx_word' id='word_1_149' title='bbox 819 1303 863 1325; x_wconf 90' lang='lat' dir='ltr'>ea</span> <span class='ocrx_word' id='word_1_150' title='bbox 889 1291 1076 1335; x_wconf 88' lang='lat' dir='ltr'>placuerit,</span> <span class='ocrx_word' id='word_1_151' title='bbox 1096 1291 1300 1335; x_wconf 86' lang='lat' dir='ltr'>eademque</span> <span class='ocrx_word' id='word_1_152' title='bbox 1326 1289 1517 1324; x_wconf 89' lang='lat' dir='ltr'>obuenerit</span> 
     </span>
     <span class='ocr_line' id='line_1_20' title="bbox 194 1349 1519 1394; baseline -0.003 -10"><span class='ocrx_word' id='word_1_153' title='bbox 194 1349 328 1394; x_wconf 88' lang='lat' dir='ltr'>Lipsio.</span> <span class='ocrx_word' id='word_1_154' title='bbox 381 1350 618 1394; x_wconf 86' lang='lat' dir='ltr'>Respondent</span> <span class='ocrx_word' id='word_1_155' title='bbox 645 1350 739 1383; x_wconf 88' lang='lat' dir='ltr'>inter</span> <span class='ocrx_word' id='word_1_156' title='bbox 764 1361 802 1384; x_wconf 91' lang='lat' dir='ltr'>se</span> <span class='ocrx_word' id='word_1_157' title='bbox 828 1361 938 1393; x_wconf 75' lang='lat' dir='ltr'>quam</span> <span class='ocrx_word' id='word_1_158' title='bbox 957 1375 964 1382; x_wconf 87' lang='lat'><em>.</em></span> <span class='ocrx_word' id='word_1_159' title='bbox 984 1375 992 1383; x_wconf 86' lang='lat'>.</span> <span class='ocrx_word' id='word_1_160' title='bbox 1014 1352 1177 1394; x_wconf 70' lang='lat' dir='ltr'>.parem‚</span> <span class='ocrx_word' id='word_1_161' title='bbox 1209 1349 1304 1383; x_wconf 88' lang='lat' dir='ltr'>unde</span> <span class='ocrx_word' id='word_1_162' title='bbox 1333 1349 1362 1383; x_wconf 89' lang='lat' dir='ltr'>si</span> <span class='ocrx_word' id='word_1_163' title='bbox 1389 1351 1519 1392; x_wconf 69' lang='lat' dir='ltr'>parem</span> 
     </span>
     <span class='ocr_line' id='line_1_21' title="bbox 193 1406 1519 1449; baseline -0.001 -8"><span class='ocrx_word' id='word_1_164' title='bbox 193 1407 393 1449; x_wconf 82' lang='lat' dir='ltr'>sustuleris,</span> <span class='ocrx_word' id='word_1_165' title='bbox 409 1408 513 1441; x_wconf 88' lang='lat' dir='ltr'>cadet</span> <span class='ocrx_word' id='word_1_166' title='bbox 533 1407 762 1442; x_wconf 84' lang='lat' dir='ltr'>concinnitas</span> <span class='ocrx_word' id='word_1_167' title='bbox 781 1407 992 1441; x_wconf 88' lang='lat' dir='ltr'>sententiae.</span> <span class='ocrx_word' id='word_1_168' title='bbox 1037 1408 1229 1441; x_wconf 88' lang='lat' dir='ltr'>Praeterea</span> <span class='ocrx_word' id='word_1_169' title='bbox 1249 1406 1447 1440; x_wconf 85' lang='lat' dir='ltr'>iniucunda</span> <span class='ocrx_word' id='word_1_170' title='bbox 1465 1411 1519 1440; x_wconf 85' lang='lat' dir='ltr'>est</span> 
     </span>
     <span class='ocr_line' id='line_1_22' title="bbox 193 1463 1521 1509; baseline -0.002 -11"><span class='ocrx_word' id='word_1_171' title='bbox 193 1465 341 1499; x_wconf 84' lang='lat' dir='ltr'>auribus</span> <span class='ocrx_word' id='word_1_172' title='bbox 370 1464 559 1509; x_wconf 61' lang='lat' dir='ltr'>7T‘&#39;P⁷lX⁷]⁰&#39;&#39;&#39;¹9</span> <span class='ocrx_word' id='word_1_173' title='bbox 590 1465 649 1498; x_wconf 88' lang='lat' dir='ltr'>illa</span> <span class='ocrx_word' id='word_1_174' title='bbox 671 1465 858 1509; x_wconf 70' lang='lat' dir='ltr'>parendi.</span> <span class='ocrx_word' id='word_1_175' title='bbox 879 1491 886 1498; x_wconf 88' lang='lat'>.</span> <span class='ocrx_word' id='word_1_176' title='bbox 905 1467 1065 1508; x_wconf 66' lang='lat' dir='ltr'>‚parens</span> <span class='ocrx_word' id='word_1_177' title='bbox 1098 1464 1356 1509; x_wconf 81' lang='lat' dir='ltr'>dissimilisque</span> <span class='ocrx_word' id='word_1_178' title='bbox 1391 1463 1521 1498; x_wconf 86' lang='lat' dir='ltr'>ceteris</span> 
     </span>
     <span class='ocr_line' id='line_1_23' title="bbox 194 1521 1521 1567; baseline -0.001 -11"><span class='ocrx_word' id='word_1_179' title='bbox 194 1534 287 1567; x_wconf 86' lang='lat' dir='ltr'>quae</span> <span class='ocrx_word' id='word_1_180' title='bbox 306 1523 403 1566; x_wconf 88' lang='lat' dir='ltr'>apud</span> <span class='ocrx_word' id='word_1_181' title='bbox 422 1523 602 1557; x_wconf 86' lang='lat' dir='ltr'>Velleium</span> <span class='ocrx_word' id='word_1_182' title='bbox 622 1524 766 1564; x_wconf 83' lang='lat' dir='ltr'>multae,</span> <span class='ocrx_word' id='word_1_183' title='bbox 786 1523 851 1556; x_wconf 90' lang='lat' dir='ltr'>sed</span> <span class='ocrx_word' id='word_1_184' title='bbox 869 1529 1003 1565; x_wconf 84' lang='lat' dir='ltr'>gratae,</span> <span class='ocrx_word' id='word_1_185' title='bbox 1022 1522 1258 1566; x_wconf 84' lang='lat' dir='ltr'>reperiuntur.</span> <span class='ocrx_word' id='word_1_186' title='bbox 1303 1521 1521 1566; x_wconf 87' lang='lat' dir='ltr'>Scripserim</span> 
     </span>
     <span class='ocr_line' id='line_1_24' title="bbox 194 1579 1526 1624; baseline -0.002 -10"><span class='ocrx_word' id='word_1_187' title='bbox 194 1581 251 1614; x_wconf 83' lang='lat' dir='ltr'>At</span> <span class='ocrx_word' id='word_1_188' title='bbox 274 1581 308 1613; x_wconf 82' lang='lat' dir='ltr'><em>T</em></span> <span class='ocrx_word' id='word_1_189' title='bbox 305 1581 327 1613; x_wconf 78' lang='lat' dir='ltr'>i.</span> <span class='ocrx_word' id='word_1_190' title='bbox 349 1580 486 1614; x_wconf 77' lang='lat' dir='ltr'>Caesar</span> <span class='ocrx_word' id='word_1_191' title='bbox 505 1592 615 1624; x_wconf 76' lang='lat' dir='ltr'>quam</span> <span class='ocrx_word' id='word_1_192' title='bbox 641 1584 776 1614; x_wconf 71' lang='lat' dir='ltr'>certam</span> <span class='ocrx_word' id='word_1_193' title='bbox 798 1580 981 1624; x_wconf 66' lang='lat' dir='ltr'>Hispanis</span> <span class='ocrx_word' id='word_1_194' title='bbox 1006 1579 1054 1623; x_wconf 72' lang='lat' dir='ltr'>[is</span> <span class='ocrx_word' id='word_1_195' title='bbox 1074 1591 1123 1614; x_wconf 88' lang='lat' dir='ltr'>sc.</span> <span class='ocrx_word' id='word_1_196' title='bbox 1142 1579 1344 1623; x_wconf 84' lang='lat' dir='ltr'>Augustus]</span> <span class='ocrx_word' id='word_1_197' title='bbox 1361 1579 1526 1624; x_wconf 65' lang='lat' dir='ltr'>parendi</span> 
     </span>
     <span class='ocr_line' id='line_1_25' title="bbox 195 1638 1444 1682; baseline 0 -11"><span class='ocrx_word' id='word_1_198' title='bbox 195 1638 450 1682; x_wconf 74' lang='lat' dir='ltr'>confessionem</span> <span class='ocrx_word' id='word_1_199' title='bbox 468 1642 682 1677; x_wconf 66' lang='lat' dir='ltr'>extorseras,</span> <span class='ocrx_word' id='word_1_200' title='bbox 694 1640 826 1682; x_wconf 68' lang='lat' dir='ltr'>parem</span> <span class='ocrx_word' id='word_1_201' title='bbox 846 1638 992 1681; x_wconf 73' lang='lat' dir='ltr'>Illyriis</span> <span class='ocrx_word' id='word_1_202' title='bbox 1009 1638 1263 1681; x_wconf 71' lang='lat' dir='ltr'>Delmatisque</span> <span class='ocrx_word' id='word_1_203' title='bbox 1280 1639 1444 1671; x_wconf 70' lang='lat' dir='ltr'>extorsit.</span> 
     </span>
    </p>

    <p class='ocr_par' dir='ltr' id='par_1_8' title="bbox 196 1695 1525 1855">
     <span class='ocr_line' id='line_1_26' title="bbox 249 1695 1525 1737; baseline 0 -9"><span class='ocrx_word' id='word_1_204' title='bbox 249 1696 287 1728; x_wconf 89' lang='lat' dir='ltr'>T.</span> <span class='ocrx_word' id='word_1_205' title='bbox 310 1696 453 1730; x_wconf 78' lang='lat' dir='ltr'>Caesar.</span> <span class='ocrx_word' id='word_1_206' title='bbox 473 1707 546 1729; x_wconf 89' lang='lat' dir='ltr'>non</span> <span class='ocrx_word' id='word_1_207' title='bbox 572 1697 625 1729; x_wconf 78' lang='lat' dir='ltr'>Ti.</span> <span class='ocrx_word' id='word_1_208' title='bbox 646 1696 791 1737; x_wconf 73' lang='lat' dir='ltr'>Caesar,</span> <span class='ocrx_word' id='word_1_209' title='bbox 811 1707 893 1729; x_wconf 90' lang='lat' dir='ltr'>cum</span> <span class='ocrx_word' id='word_1_210' title='bbox 917 1707 988 1728; x_wconf 91' lang='lat' dir='ltr'>non</span> <span class='ocrx_word' id='word_1_211' title='bbox 1007 1695 1042 1728; x_wconf 85' lang='grc' dir='ltr'><em>Α</em></span> <span class='ocrx_word' id='word_1_212' title='bbox 1071 1696 1187 1729; x_wconf 89' lang='lat' dir='ltr'>solum</span> <span class='ocrx_word' id='word_1_213' title='bbox 1210 1702 1245 1729; x_wconf 87' lang='lat' dir='ltr'>et</span> <span class='ocrx_word' id='word_1_214' title='bbox 1262 1697 1305 1735; x_wconf 76' lang='lat' dir='ltr'>P,</span> <span class='ocrx_word' id='word_1_215' title='bbox 1326 1695 1390 1729; x_wconf 89' lang='lat' dir='ltr'>sed</span> <span class='ocrx_word' id='word_1_216' title='bbox 1411 1697 1525 1728; x_wconf 81' lang='lat' dir='ltr'>Burer</span> 
     </span>
     <span class='ocr_line' id='line_1_27' title="bbox 196 1752 1523 1798; baseline 0 -12"><span class='ocrx_word' id='word_1_217' title='bbox 196 1764 341 1798; x_wconf 88' lang='lat' dir='ltr'>quoque</span> <span class='ocrx_word' id='word_1_218' title='bbox 361 1753 395 1786; x_wconf 90' lang='lat' dir='ltr'>in</span> <span class='ocrx_word' id='word_1_219' title='bbox 415 1753 451 1787; x_wconf 93' lang='lat' dir='ltr'>id</span> <span class='ocrx_word' id='word_1_220' title='bbox 470 1753 653 1797; x_wconf 88' lang='lat' dir='ltr'>conspiret</span> <span class='ocrx_word' id='word_1_221' title='bbox 675 1752 824 1795; x_wconf 78' lang='lat' dir='ltr'><em>(APB).</em></span> <span class='ocrx_word' id='word_1_222' title='bbox 845 1760 1032 1787; x_wconf 87' lang='lat' dir='ltr'>exaratum</span> <span class='ocrx_word' id='word_1_223' title='bbox 1056 1752 1092 1786; x_wconf 88' lang='lat' dir='ltr'>in</span> <span class='ocrx_word' id='word_1_224' title='bbox 1121 1753 1357 1787; x_wconf 80' lang='lat' dir='ltr'>Murbacensi</span> <span class='ocrx_word' id='word_1_225' title='bbox 1383 1754 1523 1787; x_wconf 88' lang='lat' dir='ltr'>suerat:</span> 
     </span>
     <span class='ocr_line' id='line_1_28' title="bbox 197 1810 1288 1855; baseline 0.001 -11"><span class='ocrx_word' id='word_1_226' title='bbox 197 1811 334 1855; x_wconf 89' lang='lat' dir='ltr'>primus</span> <span class='ocrx_word' id='word_1_227' title='bbox 354 1810 508 1844; x_wconf 83' lang='lat' dir='ltr'>Vrsinus</span> <span class='ocrx_word' id='word_1_228' title='bbox 527 1823 653 1844; x_wconf 90' lang='lat' dir='ltr'>uerum</span> <span class='ocrx_word' id='word_1_229' title='bbox 672 1822 897 1855; x_wconf 84' lang='lat' dir='ltr'>praenomen</span> <span class='ocrx_word' id='word_1_230' title='bbox 917 1810 1060 1844; x_wconf 89' lang='lat' dir='ltr'>uidetur</span> <span class='ocrx_word' id='word_1_231' title='bbox 1078 1810 1288 1845; x_wconf 85' lang='lat' dir='ltr'>restituisse.</span> 
     </span>
    </p>

    <p class='ocr_par' dir='ltr' id='par_1_9' title="bbox 199 1868 1525 2028">
     <span class='ocr_line' id='line_1_29' title="bbox 246 1868 1525 1912; baseline -0.001 -9"><span class='ocrx_word' id='word_1_232' title='bbox 246 1879 299 1912; x_wconf 92' lang='lat'>40</span> <span class='ocrx_word' id='word_1_233' title='bbox 323 1878 335 1901; x_wconf 92' lang='lat'>1</span> <span class='ocrx_word' id='word_1_234' title='bbox 366 1875 577 1912; x_wconf 88' lang='lat' dir='ltr'>penetratae</span> <span class='ocrx_word' id='word_1_235' title='bbox 597 1880 679 1903; x_wconf 86' lang='lat' dir='ltr'>cum</span> <span class='ocrx_word' id='word_1_236' title='bbox 699 1868 852 1902; x_wconf 87' lang='lat' dir='ltr'>uictoria</span> <span class='ocrx_word' id='word_1_237' title='bbox 879 1868 1005 1902; x_wconf 83' lang='lat' dir='ltr'>Media</span> <span class='ocrx_word' id='word_1_238' title='bbox 1024 1868 1157 1902; x_wconf 78' lang='lat' dir='ltr'>Albani</span> <span class='ocrx_word' id='word_1_239' title='bbox 1180 1868 1310 1902; x_wconf 91' lang='lat' dir='ltr'>Hideri</span> <span class='ocrx_word' id='word_1_240' title='bbox 1329 1880 1372 1902; x_wconf 88' lang='lat' dir='ltr'>ac</span> <span class='ocrx_word' id='word_1_241' title='bbox 1390 1868 1525 1902; x_wconf 87' lang='lat' dir='ltr'>deinde</span> 
     </span>
     <span class='ocr_line' id='line_1_30' title="bbox 199 1926 1525 1971; baseline 0.001 -12"><span class='ocrx_word' id='word_1_242' title='bbox 199 1926 332 1960; x_wconf 88' lang='lat' dir='ltr'>flexum</span> <span class='ocrx_word' id='word_1_243' title='bbox 350 1937 482 1969; x_wconf 85' lang='lat' dir='ltr'>agmen</span> <span class='ocrx_word' id='word_1_244' title='bbox 508 1927 554 1959; x_wconf 87' lang='lat' dir='ltr'>ad</span> <span class='ocrx_word' id='word_1_245' title='bbox 574 1938 637 1960; x_wconf 85' lang='lat' dir='ltr'>eas</span> <span class='ocrx_word' id='word_1_246' title='bbox 655 1926 820 1960; x_wconf 89' lang='lat' dir='ltr'>nationes</span> <span class='ocrx_word' id='word_1_247' title='bbox 848 1937 942 1970; x_wconf 87' lang='lat' dir='ltr'>quae</span> <span class='ocrx_word' id='word_1_248' title='bbox 966 1926 1094 1959; x_wconf 85' lang='lat' dir='ltr'>dextra</span> <span class='ocrx_word' id='word_1_249' title='bbox 1120 1926 1240 1971; x_wconf 88' lang='lat' dir='ltr'>adque</span> <span class='ocrx_word' id='word_1_250' title='bbox 1267 1926 1395 1960; x_wconf 88' lang='lat' dir='ltr'>intima</span> <span class='ocrx_word' id='word_1_251' title='bbox 1420 1926 1525 1960; x_wconf 90' lang='lat' dir='ltr'>Ponti</span> 
     </span>
     <span class='ocr_line' id='line_1_31' title="bbox 201 1983 1112 2028; baseline 0.001 -12"><span class='ocrx_word' id='word_1_252' title='bbox 201 1983 359 2017; x_wconf 88' lang='lat' dir='ltr'>incolunt</span> <span class='ocrx_word' id='word_1_253' title='bbox 381 1983 537 2017; x_wconf 87' lang='lat' dir='ltr'>Colchos</span> <span class='ocrx_word' id='word_1_254' title='bbox 558 1984 817 2028; x_wconf 87' lang='lat' dir='ltr'>Eniochosque</span> <span class='ocrx_word' id='word_1_255' title='bbox 835 1990 870 2017; x_wconf 90' lang='lat' dir='ltr'>et</span> <span class='ocrx_word' id='word_1_256' title='bbox 889 1983 1046 2017; x_wconf 85' lang='lat' dir='ltr'>Acheos.</span> <span class='ocrx_word' id='word_1_257' title='bbox 1064 1984 1112 2017; x_wconf 81' lang='lat' dir='ltr'>A.</span> 
     </span>
    </p>

    <p class='ocr_par' dir='ltr' id='par_1_10' title="bbox 201 2040 1528 2132">
     <span class='ocr_line' id='line_1_32' title="bbox 249 2040 1528 2084; baseline 0 -10"><span class='ocrx_word' id='word_1_258' title='bbox 249 2040 378 2075; x_wconf 85' lang='lat' dir='ltr'>Hiberi</span> <span class='ocrx_word' id='word_1_259' title='bbox 405 2041 457 2074; x_wconf 84' lang='lat' dir='ltr'>P:</span> <span class='ocrx_word' id='word_1_260' title='bbox 491 2041 661 2084; x_wconf 80' lang='lat' dir='ltr'>Albania,</span> <span class='ocrx_word' id='word_1_261' title='bbox 692 2042 846 2075; x_wconf 87' lang='lat' dir='ltr'>Hiberia</span> <span class='ocrx_word' id='word_1_262' title='bbox 876 2042 1100 2074; x_wconf 70' lang='lat' dir='ltr'>Burmann:</span> <span class='ocrx_word' id='word_1_263' title='bbox 1138 2042 1266 2075; x_wconf 77' lang='lat' dir='ltr'>malim</span> <span class='ocrx_word' id='word_1_264' title='bbox 1293 2041 1440 2083; x_wconf 86' lang='lat' dir='ltr'>Albani,</span> <span class='ocrx_word' id='word_1_265' title='bbox 1461 2041 1528 2074; x_wconf 91' lang='lat' dir='ltr'>Hi—</span> 
     </span>
     <span class='ocr_line' id='line_1_33' title="bbox 201 2098 312 2132; baseline 0 0"><span class='ocrx_word' id='word_1_266' title='bbox 201 2098 312 2132; x_wconf 89' lang='lat' dir='ltr'>beria.</span> 
     </span>
    </p>

    <p class='ocr_par' dir='ltr' id='par_1_11' title="bbox 202 2155 1532 2490">
     <span class='ocr_line' id='line_1_34' title="bbox 251 2155 1530 2202; baseline 0 -12"><span class='ocrx_word' id='word_1_267' title='bbox 251 2157 344 2190; x_wconf 87' lang='lat' dir='ltr'>Cum</span> <span class='ocrx_word' id='word_1_268' title='bbox 369 2155 521 2190; x_wconf 83' lang='lat' dir='ltr'>latinum</span> <span class='ocrx_word' id='word_1_269' title='bbox 548 2168 621 2190; x_wconf 89' lang='lat' dir='ltr'>non</span> <span class='ocrx_word' id='word_1_270' title='bbox 641 2156 685 2190; x_wconf 91' lang='lat' dir='ltr'>sit</span> <span class='ocrx_word' id='word_1_271' title='bbox 704 2159 921 2201; x_wconf 60' lang='lat' dir='ltr'>penem-asae</span> <span class='ocrx_word' id='word_1_272' title='bbox 939 2157 1068 2190; x_wconf 51' lang='lat' dir='ltr'>illedz‘cz</span> <span class='ocrx_word' id='word_1_273' title='bbox 1085 2157 1229 2190; x_wconf 70' lang='lat' dir='ltr'>Albani</span> <span class='ocrx_word' id='word_1_274' title='bbox 1250 2157 1390 2197; x_wconf 69' lang='lat' dir='ltr'>Hiberi,</span> <span class='ocrx_word' id='word_1_275' title='bbox 1411 2168 1530 2202; x_wconf 87' lang='lat' dir='ltr'>neque</span> 
     </span>
     <span class='ocr_line' id='line_1_35' title="bbox 202 2213 1532 2259; baseline 0.002 -11"><span class='ocrx_word' id='word_1_276' title='bbox 202 2213 262 2248; x_wconf 89' lang='lat' dir='ltr'>hic</span> <span class='ocrx_word' id='word_1_277' title='bbox 279 2214 380 2247; x_wconf 87' lang='lat' dir='ltr'>locus</span> <span class='ocrx_word' id='word_1_278' title='bbox 407 2214 452 2247; x_wconf 89' lang='lat' dir='ltr'>sit</span> <span class='ocrx_word' id='word_1_279' title='bbox 470 2214 668 2258; x_wconf 86' lang='lat' dir='ltr'>particulae</span> <span class='ocrx_word' id='word_1_280' title='bbox 686 2226 738 2257; x_wconf 78' lang='lat' dir='ltr'>ac,</span> <span class='ocrx_word' id='word_1_281' title='bbox 757 2215 920 2259; x_wconf 83' lang='lat' dir='ltr'>suspicor</span> <span class='ocrx_word' id='word_1_282' title='bbox 943 2215 1194 2259; x_wconf 85' lang='lat' dir='ltr'>reponendum</span> <span class='ocrx_word' id='word_1_283' title='bbox 1217 2226 1297 2249; x_wconf 87' lang='lat' dir='ltr'>esse</span> <span class='ocrx_word' id='word_1_284' title='bbox 1317 2218 1532 2259; x_wconf 63' lang='lat' dir='ltr'>pem‘lrafae</span> 
     </span>
     <span class='ocr_line' id='line_1_36' title="bbox 204 2271 1530 2317; baseline 0.001 -12"><span class='ocrx_word' id='word_1_285' title='bbox 204 2273 334 2306; x_wconf 64' lang='lat' dir='ltr'>illedicz</span> <span class='ocrx_word' id='word_1_286' title='bbox 367 2271 511 2305; x_wconf 70' lang='lat' dir='ltr'>Albani</span> <span class='ocrx_word' id='word_1_287' title='bbox 540 2273 707 2307; x_wconf 70' lang='lat' dir='ltr'>Hiberia.</span> <span class='ocrx_word' id='word_1_288' title='bbox 775 2274 832 2306; x_wconf 85' lang='lat' dir='ltr'>Ex</span> <span class='ocrx_word' id='word_1_289' title='bbox 872 2274 967 2307; x_wconf 85' lang='lat' dir='ltr'>Flor.</span> <span class='ocrx_word' id='word_1_290' title='bbox 995 2273 1041 2306; x_wconf 91' lang='lat' dir='ltr'>iii.</span> <span class='ocrx_word' id='word_1_291' title='bbox 1069 2281 1098 2316; x_wconf 87' lang='lat'>5.</span> <span class='ocrx_word' id='word_1_292' title='bbox 1127 2283 1166 2306; x_wconf 86' lang='lat'>21</span> <span class='ocrx_word' id='word_1_293' title='bbox 1204 2274 1348 2315; x_wconf 71' lang='lat' dir='ltr'>theri,</span> <span class='ocrx_word' id='word_1_294' title='bbox 1392 2273 1530 2317; x_wconf 70' lang='lat' dir='ltr'>Caspii,</span> 
     </span>
     <span class='ocr_line' id='line_1_37' title="bbox 204 2329 1530 2375; baseline 0.001 -12"><span class='ocrx_word' id='word_1_295' title='bbox 204 2330 239 2363; x_wconf 88' lang='grc' dir='ltr'><em>Α</em></span> <span class='ocrx_word' id='word_1_296' title='bbox 245 2329 350 2362; x_wconf 73' lang='lat' dir='ltr'>lbani</span> <span class='ocrx_word' id='word_1_297' title='bbox 365 2336 399 2363; x_wconf 81' lang='lat' dir='ltr'>ct</span> <span class='ocrx_word' id='word_1_298' title='bbox 420 2330 462 2362; x_wconf 82' lang='grc'>28</span> <span class='ocrx_word' id='word_1_299' title='bbox 481 2331 626 2373; x_wconf 71' lang='lat' dir='ltr'>ignauis</span> <span class='ocrx_word' id='word_1_300' title='bbox 643 2331 830 2371; x_wconf 62' lang='lat' dir='ltr'>szeriae,</span> <span class='ocrx_word' id='word_1_301' title='bbox 852 2332 1016 2375; x_wconf 63' lang='lat' dir='ltr'>pepercit</span> <span class='ocrx_word' id='word_1_302' title='bbox 1032 2330 1192 2364; x_wconf 62' lang='lat' dir='ltr'>Albanis</span> <span class='ocrx_word' id='word_1_303' title='bbox 1216 2331 1346 2373; x_wconf 78' lang='lat' dir='ltr'>colligo</span> <span class='ocrx_word' id='word_1_304' title='bbox 1364 2331 1530 2364; x_wconf 80' lang='lat' dir='ltr'>Albanos</span> 
     </span>
     <span class='ocr_line' id='line_1_38' title="bbox 205 2386 1532 2433; baseline 0.002 -14"><span class='ocrx_word' id='word_1_305' title='bbox 205 2387 316 2420; x_wconf 82' lang='lat' dir='ltr'>etiam</span> <span class='ocrx_word' id='word_1_306' title='bbox 335 2386 484 2420; x_wconf 80' lang='lat' dir='ltr'>Traiani</span> <span class='ocrx_word' id='word_1_307' title='bbox 503 2393 624 2421; x_wconf 85' lang='lat' dir='ltr'>aetate</span> <span class='ocrx_word' id='word_1_308' title='bbox 643 2387 849 2421; x_wconf 87' lang='lat' dir='ltr'>dictitatam</span> <span class='ocrx_word' id='word_1_309' title='bbox 868 2388 1067 2432; x_wconf 81' lang='lat' dir='ltr'>regionem,</span> <span class='ocrx_word' id='word_1_310' title='bbox 1087 2399 1158 2422; x_wconf 88' lang='lat' dir='ltr'>non</span> <span class='ocrx_word' id='word_1_311' title='bbox 1174 2388 1383 2431; x_wconf 77' lang='lat' dir='ltr'>Albaniam,</span> <span class='ocrx_word' id='word_1_312' title='bbox 1402 2400 1532 2433; x_wconf 89' lang='lat' dir='ltr'>quam-</span> 
     </span>
     <span class='ocr_line' id='line_1_39' title="bbox 205 2444 1532 2490; baseline 0.002 -12"><span class='ocrx_word' id='word_1_313' title='bbox 205 2444 260 2478; x_wconf 90' lang='lat' dir='ltr'>uis</span> <span class='ocrx_word' id='word_1_314' title='bbox 278 2444 322 2477; x_wconf 81' lang='lat' dir='ltr'>ab</span> <span class='ocrx_word' id='word_1_315' title='bbox 339 2444 503 2477; x_wconf 72' lang='lat' dir='ltr'>Albania</span> <span class='ocrx_word' id='word_1_316' title='bbox 521 2456 589 2477; x_wconf 70' lang='lat' dir='ltr'>sna</span> <span class='ocrx_word' id='word_1_317' title='bbox 607 2444 705 2478; x_wconf 87' lang='lat' dir='ltr'>idem</span> <span class='ocrx_word' id='word_1_318' title='bbox 725 2445 854 2479; x_wconf 86' lang='lat' dir='ltr'>Florus</span> <span class='ocrx_word' id='word_1_319' title='bbox 873 2444 921 2479; x_wconf 92' lang='lat' dir='ltr'>iii.</span> <span class='ocrx_word' id='word_1_320' title='bbox 944 2453 972 2489; x_wconf 88' lang='grc'>5.</span> <span class='ocrx_word' id='word_1_321' title='bbox 993 2446 1034 2479; x_wconf 85' lang='grc'>28</span> <span class='ocrx_word' id='word_1_322' title='bbox 1060 2445 1257 2490; x_wconf 87' lang='lat' dir='ltr'>scripserit.</span> <span class='ocrx_word' id='word_1_323' title='bbox 1276 2445 1415 2480; x_wconf 87' lang='lat' dir='ltr'>Velleio</span> <span class='ocrx_word' id='word_1_324' title='bbox 1435 2452 1532 2481; x_wconf 89' lang='lat' dir='ltr'>certe</span> 
     </span>
    </p>
   </div>
   <div class='ocr_carea' id='block_1_3' title="bbox 841 2520 899 2551">
    <p class='ocr_par' dir='ltr' id='par_1_12' title="bbox 841 2520 899 2551">
     <span class='ocr_line' id='line_1_40' title="bbox 841 2520 899 2551; baseline 0.017 -1"><span class='ocrx_word' id='word_1_325' title='bbox 841 2520 899 2551; x_wconf 76' lang='lat'>157</span> 
     </span>
    </p>
   </div>
  </div>
 </body>
</html>
