1799 2864
677 192 882 230 VELLEI
913 192 1230 231 PATERCVLI

294 302 430 352 positis
452 302 525 341 Gai
545 316 590 341 ac
612 302 709 340 Luci
729 302 954 341 nominibus
975 304 1240 353 adoptauerat,
1262 302 1440 341 admouit
1459 302 1618 353 propius

297 370 496 406 Neronem
536 367 719 407 Caesari:
768 368 912 418 quippe
951 368 1029 406 filia
1068 368 1169 406 Iulia
1215 368 1309 415 eius,
1350 382 1451 418 quae
1496 370 1618 406 fuerat

260 453 275 474 2
296 433 491 482 Agrippae
524 441 656 482 nupta,
693 433 841 472 Neroni
880 433 1021 483 nupsit.
1081 434 1248 472 subinde
1287 434 1433 472 bellum
1468 436 1620 472 Panno-

296 498 440 544 nicum,
472 499 581 547 quod
610 498 838 536 inchoatum
870 498 1078 548 †Agrippa
1108 501 1324 549 Marcoque
1345 499 1513 545 Vinicio,
1544 511 1620 536 auo

296 571 375 609 tuo,
392 557 505 610 (ΞΟ-Ξ,
521 576 706 612 magnum
727 571 914 613 atroxque
937 571 975 601 et
1000 577 1187 613 perquam
1202 564 1374 602 uicinum
1389 564 1620 602 imminebat
1639 573 1656 603 5

260 627 444 674 3Italiae,
484 640 552 677 per
590 629 789 665 Neronem
828 635 980 676 gestum
1019 635 1086 665 est.
1157 635 1292 676 gentes
1326 627 1619 666 Pannoniorum

298 694 646 742 Delmatarumque
676 692 854 730 nationes
883 691 1079 741 situmque
1108 692 1311 741 regionum
1339 706 1385 731 ac
1414 692 1619 730 fluminum

296 771 583 807 numerumque
612 766 649 796 et
678 759 842 795 modum
872 756 1012 794 uirium
1043 756 1401 807 excelsissimasque
1431 765 1468 795 et
1498 756 1623 795 multi-

299 822 409 872 plicis
444 836 491 861 eo
520 823 623 861 bello
651 822 832 860 uictorias
860 821 956 859 tanti
983 821 1224 871 imperatoris
1248 822 1325 860 alio
1352 824 1440 860 loco
1460 822 1622 871 explica-

298 886 449 925 bimus:
493 888 569 925 hoc
603 900 702 935 opus
736 893 863 924 seruet
901 887 1064 923 formam
1105 899 1225 924 suam.
1284 886 1399 924 huius
1437 886 1623 925 uictoriae
1644 901 1684 924 10

297 965 462 1001 compos
483 954 590 990 Nero
611 965 734 989 ouans
754 950 1018 1000 triumphauit.

224 1022 277 1061 97
352 1017 430 1054 Sed
447 1017 541 1054 dum
562 1015 602 1053 in
623 1017 697 1053 hac
716 1023 824 1064 parte
845 1014 982 1064 imperi
999 1014 1131 1053 omnia
1147 1024 1331 1064 geruntur
1351 1016 1620 1065 prosperrime,

297 1089 460 1130 accepta
488 1080 527 1118 in
558 1080 769 1119 Germania
798 1081 929 1118 clades
960 1081 1032 1118 sub
1062 1081 1189 1129 legato
1218 1082 1273 1118 M.
1298 1081 1436 1127 Lollio,
1462 1082 1623 1119 homine

298 1146 337 1183 in
368 1145 501 1184 omnia
528 1145 719 1195 pecuniae
749 1159 867 1195 quam
897 1153 1000 1183 recte
1030 1145 1198 1184 faciendi
1228 1146 1429 1195 cupidiore
1459 1154 1496 1184 et
1525 1146 1624 1184 inter

298 1224 493 1249 summam
523 1210 706 1248 uitiorum
736 1209 1088 1248 dissimulationem
1118 1209 1381 1257 uitiosissimo,
1403 1210 1624 1260 amissaque
1643 1225 1681 1258 15

299 1275 461 1324 legionis
481 1275 641 1324 quintae
660 1274 791 1324 aquila
813 1273 970 1312 uocauit
989 1274 1039 1311 ab
1060 1274 1155 1312 urbe
1175 1274 1215 1311 in
1237 1274 1381 1312 Gallias
1403 1276 1622 1314 Caesarem.

266 1357 278 1375 2
299 1354 390 1378 cura
423 1340 567 1378 deinde
600 1348 718 1389 atque
752 1352 852 1377 onus
887 1339 1110 1386 Germanici
1149 1339 1241 1377 belli
1279 1341 1456 1389 delegata
1495 1342 1625 1378 Druso

300 1404 479 1451 Claudio,
513 1404 616 1442 fratri
651 1403 831 1450 Neronis,
866 1403 1109 1442 adulescenti
1147 1411 1203 1442 tot
1242 1412 1516 1454 tantarumque
1554 1403 1625 1442 uir-

300 1479 437 1518 tutum,
461 1479 557 1522 quot
577 1479 614 1510 et
635 1479 800 1521 quantas
825 1479 961 1509 natura
986 1471 1158 1509 mortalis
1185 1470 1320 1520 recipit
1346 1471 1409 1508 uel
1435 1469 1625 1508 industria

298 1537 457 1586 perficit.
517 1537 626 1575 cuius
652 1537 851 1587 ingenium
884 1547 1012 1576 utrum
1040 1539 1188 1577 bellicis
1215 1538 1336 1588 magis
1363 1538 1547 1587 operibus
1573 1551 1622 1575 an
1644 1551 1683 1573 20

267 1601 480 1640 Reiuilibus
519 1602 711 1640 suffecerit
749 1603 907 1650 artibus,
943 1603 982 1641 in
1021 1603 1169 1642 incerto
1208 1612 1288 1642 est:
1332 1616 1485 1641 morum
1519 1610 1623 1640 certe

300 1668 469 1705 dulcedo
503 1681 548 1705 ac
578 1667 748 1706 suauitas
778 1676 816 1706 et
845 1670 1032 1707 aduersus
1061 1669 1209 1707 amicos
1238 1682 1364 1718 aequa
1392 1681 1437 1706 ac
1466 1681 1534 1717 par
1564 1665 1622 1704 sui

299 1731 517 1770 aestimatio
565 1731 805 1771 inimitabilis
852 1733 970 1771 fuisse
1018 1733 1182 1780 dicitur,
1235 1747 1325 1770 nam
1373 1731 1624 1782 pulchritudo

300 1797 470 1846 corporis
498 1797 673 1846 proxima
698 1800 888 1837 fraternae
914 1798 995 1837 fuit.
1055 1800 1125 1837 sed
1151 1798 1259 1836 illum
1287 1811 1428 1847 magna
1448 1812 1493 1836 ex
1517 1805 1625 1847 parte

300 1861 534 1900 domitorem
565 1863 810 1910 Germaniae,
841 1863 1009 1912 plurimo
1038 1863 1120 1901 eius
1149 1863 1274 1913 gentis
1308 1863 1422 1901 uariis
1457 1863 1494 1901 in
1530 1863 1625 1902 locis
1646 1876 1682 1905 25

300 1928 459 1975 profuso
507 1927 706 1976 sanguine,
747 1929 913 1966 fatorum
962 1928 1145 1978 iniquitas
1190 1929 1404 1974 consulem,
1443 1936 1624 1977 agentem

344 2041 363 2061 2
390 2031 473 2061 Iulia
492 2031 560 2061 filia
584 2031 716 2063 Haase:
750 2032 816 2062 filia
834 2033 907 2062 eius
926 2032 949 2062 Ι.
971 2032 1126 2071 Gelenius,
1147 2035 1182 2061 ut
1209 2043 1279 2062 100.
1303 2042 1333 2068 2,
1351 2032 1387 2071 cf
1405 2031 1522 2062 Nova'k
1532 2037 1567 2072 p.
1584 2033 1626 2062 66

300 2085 320 2113 3
336 2074 488 2121 Ἦρα
504 2079 628 2114 nuptae
645 2075 678 2104 A
813 2087 831 2114 4
853 2079 1020 2115 corruptus
1036 2076 1123 2105 locus
1137 2086 1233 2114 quem
1251 2075 1427 2105 nemodum
1444 2075 1626 2106 emendam?

301 2138 319 2166 5
345 2129 433 2160 COS
465 2129 524 2159 A:
556 2129 672 2159 COSS
696 2129 748 2160 P:
783 2130 916 2170 LipSt'us
937 2130 1086 2159 scribebat
1110 2130 1196 2160 inch.
1223 2128 1298 2170 [ab]
1321 2129 1483 2169 Agrippa,
1511 2130 1625 2160 Marco

300 2172 441 2213 Vinicio,
461 2184 488 2203 a.
504 2177 571 2212 tuo,
591 2173 730 2203 consule
746 2185 752 2204 :
770 2174 915 2212 sortasse
929 2174 991 2203 sub
1008 2173 1167 2212 Agrippa.
1184 2173 1242 2214 [Q.
1259 2172 1431 2213 Lucretio]
1444 2173 1626 2211 Marcoque

300 2216 442 2255 Vinicio,
463 2228 492 2248 a.
511 2221 544 2253 t.,
564 2216 758 2246 consulibus
847 2227 908 2256 pro
925 2227 1023 2255 quam
1039 2216 1088 2246 A*
1163 2218 1184 2246 6
1208 2217 1450 2255 pannoriorum
1467 2216 1536 2253 del„
1555 2216 1625 2245 dem

299 2265 458 2299 suprascr.
473 2260 782 2299 pannonicorumA
866 2269 883 2298 7
906 2259 1115 2291 DelmAB:
1142 2260 1298 2291 Dalm.P
1381 2261 1401 2290 8
1425 2259 1626 2299 multiplices

302 2303 371 2332 ΑΡ
470 2315 491 2341 9
514 2303 588 2334 colo
606 2303 673 2339 del„
693 2303 763 2333 dein
779 2308 937 2343 suprascr.
955 2303 1073 2334 locoA
1192 2313 1228 2333 12
1254 2303 1372 2343 imperi
1389 2303 1458 2333 AF
1587 2312 1625 2342 13

304 2346 397 2377 Lolio
413 2346 485 2377 AF
581 2356 619 2385 15
644 2347 808 2376 uictorum
825 2346 858 2376 A
965 2357 1007 2377 20
1030 2347 1162 2386 perficit
1178 2346 1318 2386 Lipsius„
1335 2347 1372 2386 cs.
1392 2346 1423 2377 ii.
1442 2357 1472 2377 2.
1487 2356 1506 2375 2
1524 2347 1626 2376 tantis

302 2390 449 2429 denique
466 2391 648 2421 adornatus
661 2391 849 2424 uirtutibus,
865 2395 1007 2429 quantas
1023 2390 1214 2429 perfecta
1232 2395 1265 2420 et
1283 2395 1399 2420 natura
1416 2395 1449 2419 et
1465 2390 1625 2420 industria

302 2434 451 2464 mortalis
469 2435 622 2465 condicio
640 2434 758 2473 recipit
773 2446 780 2464 ε
805 2433 1028 2473 percipitAP
1114 2443 1150 2463 21
1178 2434 1278 2464 armis
1294 2434 1363 2473 dcl„
1378 2433 1448 2464 dein
1465 2438 1622 2473 suprascr.

300 2478 428 2508 artibus
444 2478 477 2507 A
613 2487 653 2516 25
678 2477 802 2517 genitis
818 2477 850 2506 A

934 2530 992 2560 108
