1799 2864
662 218 867 258 VELLEI
898 220 1217 260 PATERCVLl

276 341 530 379 occupauere,
555 329 860 368 Lacedaemonii
880 329 919 368 in
941 329 1035 368 Asia
1056 329 1313 380 Magnesiam.
1373 342 1446 368 nec
1475 330 1598 368 multo

276 402 363 443 post
385 394 667 434 Chalcidenses
697 394 780 441 orti,
803 402 845 432 ut
874 394 1148 444 praediximus,
1171 394 1311 433 Atticis
1334 394 1534 444 Hippocle
1561 402 1598 433 et

278 460 537 509 Megasthene
567 459 735 498 ducibus
761 460 908 498 Cumas
938 459 978 497 in
1008 459 1122 497 Italia
1151 459 1424 498 condiderunt.
1483 458 1598 497 huius

276 525 407 563 classis
442 538 598 563 cursum
633 538 718 563 esse
752 524 944 562 directum
981 523 1046 561 alii
1084 524 1292 562 columbae
1329 522 1599 562 antecedentis

276 591 409 628 uolatu
443 592 581 636 ferunt,
614 589 679 627 alii
713 596 906 627 nocturno
940 588 1038 626 aeris
1072 601 1182 635 sono,
1215 588 1339 638 qualis
1371 588 1634 632 Cerealibus5

241 671 254 691 2
275 654 391 693 sacris
408 654 499 692 cieri
519 656 627 692 solet.
687 667 774 702 pars
795 655 935 691 horum
956 652 1102 690 ciuium
1124 666 1266 702 magno
1286 660 1374 702 post
1395 653 1599 691 interuallo

276 719 487 769 Neapolim
532 718 720 757 condidit.
799 718 1001 767 utriusque
1040 717 1146 756 urbis
1191 717 1332 755 eximia
1369 730 1522 766 semper
1560 716 1600 754 in

278 788 481 824 Romanos
516 786 613 823 fides
648 784 739 822 facit
773 798 837 822 eas
872 783 1076 822 nobilitate
1109 791 1228 833 atque
1260 783 1498 822 amoenitate
1531 797 1601 821 sua

277 849 533 899 dignissimas.
602 850 672 887 sed
706 848 779 886 illis
814 848 1036 898 diligentior
1069 848 1163 886 ritus
1198 848 1311 897 patrii
1342 848 1484 886 mansit
1518 861 1601 886 cus-

277 914 393 961 todia,
418 915 619 953 Cumanos
641 914 746 952 Osca
772 913 938 951 mutauit
967 913 1121 951 uicinia.
1180 912 1271 951 uiris
1297 920 1428 951 autem
1450 919 1600 951 ueteres
1622 927 1661 949 ιο

276 992 409 1016 earum
453 978 609 1016 urbium
654 977 853 1027 hodieque
898 977 1129 1027 magnitudo
1174 984 1344 1016 ostentat
1386 976 1598 1015 moenium.

238 1063 254 1092 3
276 1042 532 1091 subsequenti
561 1050 738 1091 tempore
770 1054 912 1091 magna
940 1041 999 1079 uis
1029 1042 1203 1079 Graecae
1237 1040 1451 1079 iuuentutis
1481 1040 1602 1078 abun-

275 1107 409 1145 dantia
442 1106 583 1145 uirium
613 1106 716 1145 sedis
745 1106 966 1156 quaeritans
995 1106 1035 1143 in
1065 1105 1200 1144 Asiam
1235 1119 1275 1144 se
1305 1105 1451 1143 effudit.
1511 1117 1602 1142 nam

277 1180 314 1209 et
342 1173 460 1210 Iones
491 1173 592 1210 duce
620 1173 719 1209 Ione
748 1171 913 1221 profecti
940 1170 1106 1209 Athenis
1136 1170 1421 1209 nobilissimam
1452 1176 1601 1219 partem

276 1236 443 1286 regionis
478 1236 694 1274 maritimae
728 1249 983 1285 occupauere,
1020 1249 1121 1285 quae
1154 1235 1352 1284 hodieque
1385 1236 1603 1284 appellatur
1623 1243 1660 1273 15

280 1301 402 1348 Ionia,
425 1301 620 1350 urbesque
641 1300 878 1339 constituere
900 1302 1114 1350 Ephesum,
1139 1300 1333 1347 Miletum,
1352 1300 1600 1349 Colophona,

278 1366 455 1413 Prienen,
516 1366 733 1412 Lebedum,
794 1368 1014 1415 Myuntem‚
1065 1366 1282 1415 Erythram,
1332 1365 1601 1409 Clazomenas,

279 1432 511 1477 Phocaeam,
543 1432 765 1480 multasque
796 1431 835 1468 in
865 1433 1024 1480 Aegaeo
1054 1438 1172 1480 atque
1203 1429 1329 1468 Icario
1359 1442 1604 1478 occupauere

278 1495 434 1541 insulas,
462 1496 635 1541 Samum,
662 1495 819 1542 Chium,
847 1496 1039 1541 Andrum,
1068 1496 1237 1541 Tenum,
1270 1496 1424 1539 Parum,
1458 1494 1602 1530 Delum

240 1577 258 1604 4
277 1560 450 1609 aliasque
479 1559 672 1609 ignobilis.
730 1567 769 1598 et
799 1573 891 1598 mox
919 1559 1048 1598 Aeolii
1077 1560 1215 1598 eadem
1246 1558 1409 1608 profecti
1440 1557 1605 1596 Graecia
1625 1568 1665 1589 20

278 1624 593 1674 longissimisque
625 1624 702 1662 acti
736 1625 928 1663 erroribus
958 1638 1038 1663 non
1068 1624 1198 1663 minus
1227 1624 1397 1662 inlustris
1427 1623 1604 1661 obtinue-

279 1697 366 1728 runt
393 1691 501 1728 locos
526 1691 727 1739 clarasque
754 1690 860 1728 urbis
887 1690 1161 1737 condiderunt,
1187 1692 1407 1739 Zmyrnam,
1437 1690 1602 1739 Cymen,

280 1754 484 1802 Larissam,
509 1755 718 1804 Myrinam,
744 1754 1043 1805 Mytilenenque
1067 1762 1106 1793 et
1131 1754 1224 1793 alias
1248 1754 1366 1801 urbis,
1389 1767 1490 1804 quae
1514 1762 1604 1792 sunt

278 1821 317 1857 in
340 1821 470 1859 Lesbo
490 1819 627 1858 insula.

236 1894 260 1930 5
333 1883 603 1923 Clarissimum
635 1883 781 1922 deinde
814 1883 981 1922 Homeri
1012 1883 1149 1922 inluxit
1183 1882 1394 1932 ingenium,
1430 1882 1514 1921 sine
1545 1896 1605 1921 ex-
1625 1894 1663 1926 25

279 1951 410 1998 emplo
424 1949 649 1995 maximum,
665 1948 732 1998 qui
745 1948 1016 1998 magnitudine
1029 1947 1159 1997 operis
1173 1954 1210 1985 et
1223 1948 1371 1996 fulgore
1387 1945 1605 1984 carminum

245 2030 259 2051 2
279 2015 385 2051 solus
415 2013 601 2062 appellari
635 2020 753 2062 poeta
783 2012 948 2060 meruit3
989 2012 1030 2049 in
1062 2025 1142 2061 quo
1175 2012 1252 2049 hoc
1286 2010 1499 2048 maximum
1534 2017 1602 2056 est,

280 2077 389 2126 quod
418 2090 547 2126 neque
576 2084 667 2115 ante
697 2076 818 2123 illum,
848 2090 966 2126 quern
994 2076 1077 2130 ipse
1106 2075 1330 2122 imitaretur,
1357 2089 1486 2125 neque
1517 2083 1606 2125 post

327 2191 339 2210 1
366 2179 482 2210 Asiam
513 2190 551 2210 ac
585 2179 721 2211 Nesiam
749 2179 790 2218 P,
819 2178 941 2210 emend.
978 2179 1126 2210 Gelenius
1300 2189 1319 2218 3
1344 2177 1546 2217 Megestene
1577 2177 1610 2207 P

281 2233 299 2261 5
323 2223 411 2253 aeris
427 2223 459 2253 B
473 2233 480 2253 t
504 2223 581 2253 aer1s
597 2223 630 2253 Ρ
745 2224 765 2252 6
789 2233 855 2253 non
872 2233 994 2261 magno
1009 2222 1143 2253 Scriner
1294 2234 1316 2262 9
1340 2222 1404 2252 illis
1420 2220 1582 2251 Ruhnken
1597 2232 1604 2251 z

281 2267 397 2297 aliisP
473 2276 512 2297 10
528 2267 619 2296 uires
636 2265 669 2296 Ρ
736 2276 773 2296 12
790 2277 932 2304 graecae
944 2266 977 2296 Β
991 2277 997 2296 :
1023 2265 1187 2296 Graeciae
1198 2265 1231 2295 Ρ
1302 2276 1339 2305 13
1357 2266 1502 2296 uirorum
1516 2264 1605 2294 Bur—

282 2321 387 2340 mann
398 2313 427 2339 et
441 2310 637 2340 Warburton
726 2310 825 2340 sedes
835 2309 868 2339 Ρ
956 2319 992 2347 17
1010 2309 1175 2348 Erythras
1186 2309 1281 2339 Kritz
1363 2319 1402 2347 19
1420 2309 1565 2338 Pharum
1576 2308 1609 2338 P

282 2365 323 2384 20
339 2354 504 2392 ignobiles
517 2353 551 2383 Ρ
625 2352 721 2382 Aeoli
736 2353 933 2383 Lachmann
948 2352 996 2383 ad
1005 2353 1101 2383 Lucr.
1116 2363 1146 2383 v.
1160 2353 1200 2390 85
1278 2363 1321 2383 ex
1335 2354 1454 2383 eadem
1465 2351 1608 2391 Illudutjg

282 2406 319 2427 21
338 2397 495 2428 inlustres
511 2397 544 2427 P
629 2406 669 2426 22
694 2397 795 2426 urbes
808 2395 841 2425 P
853 2400 882 2426 et
896 2397 940 2426 sic
953 2396 1042 2437 iufra
1130 2395 1311 2434 Zmyrnam
1328 2396 1435 2426 Halm
1449 2398 1485 2425 ut
1500 2395 1532 2426 ii.
1550 2395 1602 2433 69.

284 2450 298 2469 1
318 2440 410 2471 habet
423 2441 455 2470 A
483 2440 650 2480 Zmyrnae
666 2451 673 2470 ι
698 2440 878 2478 Smyrnam
894 2439 927 2470 P
1033 2449 1075 2478 23
1100 2438 1366 2478 Mytilenemque
1382 2439 1415 2469 P
1514 2437 1604 2468 urbis

283 2483 340 2515 del.
360 2483 481 2515 Gruter
608 2484 649 2514 28
672 2482 746 2523 ipse
762 2482 891 2515 Halm:
920 2482 975 2513 ille
991 2482 1031 2520 Ρ,
1048 2482 1138 2523 quod
1151 2482 1210 2514 del.
1229 2482 1348 2514 Noua‘k

932 2556 952 2585 4
