1799 2864
567 212 1024 252 COMMENTARIVS
1055 214 1319 253 CRITICVS

281 323 451 358 uidentur
465 325 651 368 praeclare
666 336 816 367 operam
828 325 862 359 in
875 337 918 360 eo
932 337 1087 360 nauasse
1097 325 1338 360 Ruhnkenius
1350 332 1385 360 et
1400 325 1604 369 Maduicus,

282 381 338 415 hic
368 381 582 425 corrigendo
610 384 787 427 ancipitia
819 384 892 417 slbz·
923 383 1086 428 [maluit]
1117 388 1247 424 tenere,
1279 383 1336 418 ille
1370 394 1435 428 pro
1469 385 1606 428 ignaue

280 439 445 473 scribens
462 441 609 484 ignaui!
632 440 834 474 secundum
857 441 914 476 ed.
937 441 1082 485 Bipont.
1133 442 1181 476 Et
1200 441 1269 475 hoc
1293 441 1441 486 quidem
1463 440 1512 475 ita
1530 452 1602 475 non

279 497 398 541 placet
413 504 449 530 ut
469 497 733 533 dubitationem
758 507 905 533 moueat
929 499 1135 544 potueritne
1154 499 1204 534 sic
1223 499 1330 533 scribi
1349 511 1370 533 a
1388 499 1579 533 Paterculo
1595 511 1603 540 3

279 565 365 587 nam
385 554 443 588 hic
463 566 534 588 uno
552 555 701 600 quidem
720 557 798 590 loco
825 557 936 591 habet
955 559 1079 592 omnia
1096 557 1166 590 sibi
1187 559 1371 602 ignoscere
1391 556 1460 600 (30.
1480 555 1516 600 3)
1539 557 1604 590 sed

278 611 403 646 addito
436 614 528 647 ss'bz':
570 613 603 646 in
639 614 769 648 ceteris
804 613 968 648 datiuum
1001 621 1215 648 constanter
1247 614 1424 657 adhibuit,
1460 626 1529 648 nec
1558 615 1605 649 de

277 669 484 704 hominibus
503 677 645 704 tantum
665 678 702 705 ut
725 672 778 715 56.
800 681 811 705 1
834 672 1001 705 omnibus
1018 673 1086 715 qm'
1101 676 1230 705 contra
1253 684 1290 705 se
1312 683 1419 705 arma
1437 673 1606 706 tulerant

275 729 431 772 igneus&
448 738 522 770 114.
539 738 558 771 3
571 740 642 762 mm
661 730 891 773 sequentibus
908 730 1142 773 disciplinam
1161 756 1169 763 .
1189 756 1197 764 .
1215 755 1222 762 .
1241 731 1397 774 igmwuit,
1414 729 1478 764 sed
1491 729 1602 764 etiam

276 786 336 819 ubi
356 786 402 820 de
421 786 523 820 factis
543 798 662 820 sermo
686 794 740 820 est
766 794 803 820 ut
829 788 884 829 83.
903 797 922 820 2
945 787 990 820 id
1004 787 1204 830 probatum
1230 798 1252 820 a
1281 787 1436 821 Caesare
1459 789 1523 821 cui
1540 788 1604 821 ille

274 845 480 888 ignorarat.
531 845 579 878 At
595 856 681 878 uero
697 843 911 878 aduerbium
925 844 1060 888 optime
1078 843 1136 877 hic
1154 843 1314 888 positum
1329 852 1394 886 est,
1409 845 1520 878 modo
1535 856 1603 889 pro

274 903 411 946 ignaue
438 903 494 936 uel
526 914 607 936 cum
638 901 818 936 Salmasio
848 901 985 936 scribas
1010 913 1138 947 gnane
1167 903 1234 944 uel,
1266 902 1365 947 quod
1392 903 1500 943 malo,
1527 914 1601 936 non

273 960 430 1002 igrttztne:
466 971 552 992 nam
584 960 816 993 Paterculum
845 970 918 993 non
946 961 1141 1003 ignauiam
1169 958 1347 993 obiecisse
1379 960 1600 994 Germanico

274 1018 472 1051 ostendunt
497 1018 570 1052 116.
595 1027 605 1050 1
628 1029 767 1062 magua
784 1019 1033 1062 experimenta
1064 1018 1222 1051 uirtutis
1242 1018 1488 1051 Germanicus
1504 1018 1605 1052 dedit

273 1081 307 1107 et
331 1084 406 1117 129.
426 1085 456 1115 2,
475 1086 592 1119 neque
612 1074 660 1108 ita
679 1075 842 1109 infensus
861 1082 937 1109 erat
955 1074 1123 1108 Tiberius
1144 1074 1365 1109 Germanico
1383 1082 1421 1108 ut
1444 1075 1600 1109 infama-

271 1138 350 1164 tum
368 1143 452 1165 eum
471 1131 626 1165 libenter
642 1138 739 1165 esset
759 1132 929 1173 lecturus,
946 1144 990 1166 eo
1018 1138 1115 1166 certe
1133 1131 1280 1166 nomine
1300 1143 1371 1177 quo
1389 1132 1477 1166 nihil
1502 1140 1600 1167 esset

274 1191 443 1223 Romano
462 1190 647 1233 indignius
666 1189 896 1234 imperatore.

316 1248 463 1291 quidem
479 1247 507 1281 si
523 1259 586 1292 pro
601 1248 747 1292 pridem
769 1247 932 1292 (Heius.)
954 1248 1096 1292 scripsit
1114 1248 1289 1289 librarius,
1309 1249 1599 1293 comparandum

270 1306 337 1340 erit
355 1308 606 1351 quaeposilzcs
624 1318 689 1350 pro
701 1308 940 1350 praepositus
962 1307 1037 1340 116.
1067 1316 1107 1340 2:
1135 1314 1232 1340 recte
1255 1305 1354 1340 enim
1381 1306 1432 1340 sic
1456 1306 1600 1340 uidetur

271 1365 555 1398 Murbacensem
568 1364 825 1408 interpretatus
840 1365 1054 1398 Rhenanus.
1077 1365 1193 1398 Recte
1207 1363 1526 1406 idemRhenanus‚
1539 1376 1599 1398 me

269 1420 398 1464 iudice,
418 1421 455 1454 in
476 1421 711 1455 Murbacensi
732 1426 808 1455 lam
834 1433 874 1455 re
891 1420 1010 1465 potius
1030 1433 1139 1466 quarn
1159 1423 1287 1455 limera
1305 1421 1393 1455 uidit
1410 1433 1416 1455 :
1445 1422 1597 1466 pulchre

269 1487 504 1524 opponuntur
531 1491 579 1522 re,
605 1481 767 1524 exemplo
787 1481 1019 1524 perrzicz'05a3
1060 1481 1159 1524 quod
1180 1488 1302 1513 autem
1328 1480 1479 1514 Amerb.
1505 1479 1599 1514 inter

269 1550 304 1571 m
323 1544 357 1572 et
385 1550 407 1571 r
430 1539 551 1582 legere
577 1538 644 1572 sibi
672 1539 770 1572 uisus
797 1546 853 1573 est
879 1550 907 1581 e,
927 1538 962 1572 id
981 1538 1145 1572 relictum
1172 1545 1261 1582 puto
1285 1550 1328 1572 ex
1352 1539 1534 1582 lam(qu)e
1559 1551 1599 1572 re

268 1597 325 1630 uel
352 1596 472 1641 potius
497 1596 634 1641 tsmsse
659 1609 709 1641 νε,
736 1598 1053 1643 quemadmodum
1079 1598 1257 1642 scriptum
1283 1598 1440 1632 fortasse
1467 1599 1597 1633 fuerat.

267 1656 501 1690 Accusatiuis
536 1657 717 1701 auripilia
761 1657 833 1690 sibi
875 1657 1059 1700 tammum
1097 1669 1136 1690 re
1168 1668 1280 1700 quam
1314 1658 1476 1701 exemplo
1506 1660 1596 1702 per-

267 1715 404 1746 niciosa
434 1715 590 1747 alterum
622 1714 871 1749 accusatiuum
902 1715 1096 1748 obsidentis
1125 1726 1192 1759 per
1217 1726 1370 1757 zeugma
1399 1715 1596 1758 adnexum,

267 1778 441 1815 utrosque
459 1778 582 1805 autem
602 1783 644 1805 ex
667 1773 797 1806 eodem
822 1772 934 1806 uerbo
959 1773 1115 1805 coercuit
1139 1771 1342 1815 pendentes
1366 1771 1480 1806 facio:
1509 1784 1595 1806 nam

266 1836 301 1863 et
320 1837 403 1863 acta
421 1829 596 1863 seditiose
623 1836 657 1863 et
677 1830 774 1873 ipsos
792 1841 858 1874 per
884 1828 1100 1863 seditionem
1122 1841 1161 1863 se
1187 1829 1389 1863 obsidentis
1415 1829 1593 1865 inhibuit:

266 1888 273 1903 ‘
289 1888 334 1922 he
353 1894 417 1932 put
435 1900 456 1921 a
474 1888 587 1922 check
607 1899 704 1932 upon
724 1895 801 1922 acts
821 1888 936 1922 which
957 1899 1050 1921 were
1068 1888 1272 1922 hazardous
1291 1894 1328 1922 to
1353 1887 1501 1922 himself
1516 1887 1596 1925 (i.e.

264 1953 303 1979 to
328 1946 384 1980 his
411 1946 593 1990 authority
610 1958 650 1980 as
677 1947 838 1989 general)
866 1946 939 1979 and
959 1957 1051 1979 were
1070 1957 1110 1979 as
1138 1945 1291 1979 noxious
1318 1945 1351 1979 in
1379 1945 1473 1979 their
1495 1957 1595 1980 mere

266 2003 498 2038 commission
519 2015 560 2037 as
578 2003 612 2037 in
631 2004 693 2038 the
711 2004 877 2048 example
896 2004 982 2046 they
998 2010 1063 2045 set,
1078 2003 1151 2049 and
1170 2004 1260 2037 used
1276 2003 1338 2037 the
1353 2015 1439 2047 very
1456 2004 1594 2038 swords

265 2062 348 2097 with
369 2062 488 2096 which
511 2063 574 2096 the
598 2062 748 2096 soldiers
767 2074 859 2096 were
886 2061 1108 2105 blockading
1131 2061 1206 2095 him
1228 2073 1269 2095 as
1287 2074 1309 2095 a
1327 2062 1442 2096 check
1460 2073 1506 2095 on
1531 2062 1594 2096 the

262 2121 504 2155 blockaders.⁷
1529 2162 1533 2165 ,

311 2181 379 2213 126
403 2189 414 2212 1
448 2180 592 2212 Horum
627 2186 698 2212 XVI
733 2189 911 2212 annorum
946 2189 1057 2222 opera
1091 2177 1170 2222 quis
1205 2189 1288 2211 cum
1324 2177 1443 2212 insera
1481 2176 1593 2212 oculis

263 2236 467 2281 animisque
486 2235 648 2270 omnium
667 2236 702 2269 in
721 2235 884 2280 partibus
904 2236 1119 2280 eloquatur?
1143 2235 1192 2270 A.

311 2294 429 2329 insera
446 2296 555 2328 etiam
574 2295 717 2328 Burer:
744 2294 880 2328 inserta
899 2293 968 2327 sint
988 2294 1032 2328 P.

311 2353 399 2386 Non
418 2354 558 2386 inserta
575 2353 653 2385 sint
668 2351 762 2386 facio
781 2363 824 2386 ex
842 2363 886 2386 eo
905 2352 1003 2396 quod
1028 2351 1154 2385 habuit
1181 2350 1437 2385 Murbacensis
1455 2351 1589 2391 insera,

264 2411 329 2445 sed
348 2411 446 2456 quod
469 2409 670 2444 sententiae
694 2410 814 2454 aptius
839 2415 905 2452 est,
924 2411 1099 2454 ingerant
1121 2421 1157 2442 se
1180 2409 1238 2443 uel
1260 2410 1487 2453 ingerantur
1503 2408 1590 2442 ‘ob-

263 2470 381 2512 ti‘ude,
411 2469 507 2504 force
542 2468 765 2503 themselves
794 2468 915 2513 upon!
966 2468 1068 2502 Verr.
1097 2466 1130 2502 ii.
1163 2477 1192 2511 3.
1221 2468 1266 2511 69
1300 2467 1488 2512 ingerebat
1523 2467 1591 2500 iste

896 2542 957 2573 190
