1799 2864
735 221 904 258 LIBER
935 221 976 258 II

194 333 403 372 Germania
434 341 500 371 aut
534 332 666 371 uidere
696 331 819 369 maius
848 339 915 369 aut
944 331 1071 369 mirari
1101 331 1221 381 magis
1252 331 1371 381 potui,
1394 345 1511 381 quam

193 400 299 446 quod
339 397 558 447 imperatori
597 409 812 445 numquam
851 397 951 434 adeo
990 397 1067 433 ulla
1105 404 1298 445 oportuna
1335 396 1418 434 uisa
1456 405 1513 434 est

194 462 378 500 uictoriae
416 461 580 507 occasio,
621 474 738 510 quam
786 461 933 498 damno
979 460 1109 498 amissi
1157 468 1335 510 pensaret
1383 460 1514 498 militis

193 539 424 575 semperque
452 525 579 563 uisum
610 532 666 562 est
695 524 917 574 gloriosum,
940 526 1047 573 quod
1077 533 1177 562 esset
1207 525 1454 571 tutissimum,
1477 533 1514 563 et

193 599 282 627 ante
321 589 583 628 conscientiae
627 603 744 638 quam
784 591 909 627 famae
954 591 1175 627 consultum
1216 603 1288 627 nec
1326 603 1513 638 umquam

194 653 356 692 consilia
389 654 499 692 ducis
531 653 676 692 iudicio
710 653 909 700 exercitus,
944 655 1012 692 sed
1046 653 1234 691 exercitus
1269 653 1515 703 prouidentia

194 718 304 756 ducis
325 727 451 757 rectus
471 727 538 757 est.

240 784 386 831 Magna
406 782 445 820 in
467 783 570 821 bello
588 782 809 821 Delmatico
833 783 1096 832 experimenta
1116 782 1267 821 uirtutis
1281 782 1320 820 in
1342 784 1514 822 †multos
1535 783 1600 819 116

193 860 239 885 ac
277 847 443 885 difficilis
477 849 585 885 locos
624 847 857 896 praemissus
897 847 1153 885 Germanicus
1192 847 1325 894 dedit3
1372 847 1514 885 celebri
1536 867 1549 887 2

138 911 309 949 10etiam
342 925 459 961 opera
490 911 743 961 diligentique
776 911 915 949 Vibius
948 914 1156 950 Postumus
1195 911 1253 949 uir
1290 911 1515 958 consularis,

194 976 436 1026 praepositus
455 976 684 1022 Delmatiae,
701 984 929 1014 ornamenta
943 976 1081 1014 meruit
1098 976 1346 1025 triumphalia
1361 991 1368 1014 z
1399 989 1515 1025 quem

194 1042 384 1079 honorem
433 1049 524 1078 ante
562 1054 708 1090 paucos
749 1054 874 1078 annos
920 1040 1126 1078 Passienus
1171 1048 1209 1078 et
1248 1042 1405 1087 Cossus,
1446 1040 1517 1078 uiri

197 1108 216 1149 †
233 1106 468 1154 quibusdam
485 1105 648 1143 diuersis
664 1105 871 1143 uirtutibus
889 1106 1071 1151 celebres,
1088 1106 1125 1143 in
1142 1105 1271 1143 Africa
1286 1114 1515 1144 meruerant.

196 1173 264 1209 sed
295 1172 442 1210 Cossus
471 1171 656 1209 uictoriae
694 1171 961 1209 testimonium
991 1170 1107 1208 etiam
1137 1170 1176 1208 in
1215 1184 1435 1220 cognomen
1466 1170 1518 1208 fili

140 1253 176 1283 15
198 1236 372 1283 contulit,
398 1236 658 1274 adulescentis
688 1236 727 1273 in
757 1236 933 1274 omnium
964 1236 1150 1274 uirtutum
1181 1238 1358 1285 exempla
1386 1236 1515 1285 geniti.

196 1309 234 1338 at
267 1300 469 1338 Postumio
508 1314 669 1349 operum
710 1302 751 1338 L.
793 1300 990 1350 Apronius
1028 1300 1220 1350 particeps
1258 1300 1322 1338 illa
1360 1313 1518 1350 quoque
1539 1315 1557 1345 3

198 1364 334 1402 militia
367 1378 445 1410 eos,
481 1378 579 1413 quos
611 1378 701 1402 mox
733 1372 966 1402 consecutus
1005 1372 1073 1411 est,
1109 1366 1277 1403 honores
1316 1365 1519 1403 excellenti

198 1430 339 1468 uirtute
360 1429 508 1467 meruit.
552 1429 700 1481 utinam
718 1443 796 1467 non
811 1430 1021 1467 maioribus
1043 1430 1315 1479 experimentis
1336 1438 1518 1468 testatum

199 1504 309 1542 esset,
346 1503 535 1544 quantum
568 1494 606 1532 in
646 1495 753 1532 omni
792 1509 832 1533 re
869 1497 1023 1533 fortuna
1056 1499 1211 1544 posset!
1259 1497 1328 1534 sed
1366 1495 1405 1533 in
1444 1497 1521 1533 hoc

141 1577 180 1598 20
199 1574 357 1610 quoque
394 1573 534 1609 genere
571 1560 730 1598 abunde
767 1560 926 1609 agnosci
960 1560 1018 1598 uis
1053 1560 1134 1598 eius
1166 1568 1303 1609 potest.
1363 1575 1453 1598 nam
1484 1569 1521 1598 et

201 1625 333 1664 Aelius
355 1625 501 1671 Lamia,
524 1624 581 1662 uir
600 1624 859 1674 antiquissimi
890 1625 1006 1663 moris
1037 1634 1074 1663 et
1100 1625 1265 1674 priscam
1292 1626 1520 1675 grauitatem

199 1703 313 1739 super
346 1689 588 1726 humanitate
619 1697 850 1738 temperans,
884 1689 923 1727 in
963 1690 1173 1728 Germania
1212 1690 1446 1739 Illyricoque
1484 1699 1522 1729 et

200 1767 289 1791 mox
334 1753 372 1790 in
416 1753 546 1791 Africa
591 1753 915 1802 splendidissimis
963 1755 1118 1792 functus
1166 1754 1399 1802 ministeriis,
1440 1769 1520 1793 non

201 1819 348 1865 merito,
372 1820 440 1856 sed
472 1818 632 1856 materia
662 1818 863 1868 apiscendi
895 1819 1143 1869 triumphalia
1174 1821 1349 1858 defectus
1384 1828 1452 1867 est,
1484 1828 1521 1858 et
1541 1834 1560 1862 4

155 603 172 633 (1¹

244 1932 262 1951 2
288 1926 453 1961 oportuna
477 1920 522 1958 A,
550 1921 586 1960 rs.
608 1931 678 1952 120.
699 1931 718 1959 4
873 1932 891 1959 4
916 1921 1098 1960 gloriosum
1121 1921 1207 1952 AP:
1243 1922 1520 1960 gloriosissimum

201 1965 308 1994 Halm
397 1974 415 2002 5
432 1975 530 2002 quam
548 1975 611 1994 om.
632 1965 664 1994 A
757 1964 844 1994 same
860 1964 894 1994 A
985 1975 1046 1994 nec
1064 1975 1210 2003 unquam
1227 1964 1274 1996 P:
1302 1975 1419 1995 necum
1431 1967 1521 2004 quod

202 2008 265 2037 BA
357 2009 377 2037 8
396 2004 501 2038 Delm.
515 2007 546 2036 Β
558 2012 585 2037 et
597 2019 670 2039 corr.
683 2009 715 2038 A
734 2021 741 2040 z
767 2009 872 2038 Dalm.
893 2007 926 2036 P
939 2011 966 2037 et
976 2009 1071 2048 pm'us
1083 2008 1115 2037 A
1206 2019 1248 2038 ne
1273 2008 1330 2039 del.
1347 2013 1421 2038 ante
1436 2009 1469 2038 in
1487 2009 1519 2037 A

202 2051 344 2081 incultos
376 2051 533 2080 Heinsius
721 2063 742 2091 9
766 2051 909 2081 difficilis
939 2051 972 2080 A
1151 2052 1274 2082 celebri
1303 2051 1388 2083 AP:
1421 2053 1524 2081 ‘alias

202 2094 343 2125 celebris
354 2095 361 2105 '
379 2093 487 2123 Burer
573 2104 612 2124 10
629 2095 779 2134 diligenti
791 2095 878 2134 quib.
894 2095 944 2124 ius
960 2095 1138 2125 Postumus
1149 2095 1181 2124 A
1198 2110 1203 2126 ε
1223 2095 1387 2133 diligenti.
1401 2096 1523 2134 quibus

204 2138 306 2168 Iulius
322 2137 536 2167 Posthumius
550 2137 596 2169 P:
618 2139 681 2169 ‘em
699 2143 757 2169 net.
774 2139 866 2168 habet
881 2138 941 2168 Iul.
955 2138 1131 2169 Postumus
1143 2139 1150 2150 ’
1162 2137 1284 2170 Burer:
1302 2139 1523 2177 diligentique

207 2181 303 2211 Voss:
328 2181 444 2210 Vibius
462 2180 639 2211 Postumus
656 2181 794 2222 Pzgln'us
809 2182 935 2211 Annal.
955 2182 998 2211 iii.
1012 2187 1046 2221 p.
1065 2182 1128 2221 538
1248 2192 1282 2211 11
1310 2183 1524 2220 praepositus

202 2224 249 2256 P:
274 2234 360 2262 quae
378 2224 506 2263 positus
522 2224 554 2253 A
647 2225 833 2255 Delmatiae
850 2224 915 2253 BA
931 2237 937 2256 :
965 2225 1151 2255 Dalmatiae
1168 2223 1201 2254 P
1324 2234 1362 2263 13
1386 2226 1523 2263 quibus-

203 2269 277 2297 dam
295 2267 383 2297 AF:
410 2267 562 2305 quamuis
585 2267 708 2299 Botlze:
736 2278 935 2308 quamquam
960 2268 1090 2299 Halm:
1113 2271 1253 2306 sonasse
1282 2269 1523 2306 quantumuis:

203 2312 346 2341 diuersis
357 2311 557 2349 quibusdam
573 2310 723 2341 W'illzelm
815 2313 854 2341 16
869 2312 922 2341 Ad
936 2311 1001 2341 BA
1094 2312 1266 2342 Posthumi
1281 2311 1332 2341 P:
1350 2312 1524 2342 Postumio

202 2354 281 2384 BA.
300 2354 388 2393 quod
401 2364 473 2382 cum
494 2353 609 2383 Orellio
626 2355 743 2385 retinui
874 2365 912 2394 19
936 2356 999 2385 hoc
1019 2354 1183 2385 Gelenius:
1210 2355 1282 2384 loco
1298 2354 1368 2384 ΑΡ
1482 2366 1520 2385 21

202 2397 321 2427 Aelius
341 2397 453 2427 Lamia
470 2396 660 2466 Rulmk‘et’nd:i
678 2398 778 2428 etiam
795 2398 866 2427 ΑΡ
950 2408 991 2427 22
1014 2409 1118 2437 super
1135 2398 1166 2427 A
1182 2413 1188 2429 ι
1216 2408 1349 2437 Semper
1364 2398 1398 2427 P
1483 2409 1524 2437 24

203 2474 374 2513 apiscendi
386 2474 537 2513 priusA‚
553 2485 630 2504 mox
665 2475 920 2515 suprascriptum
936 2479 989 2513 est,
1007 2475 1114 2505 addito
1132 2502 1145 2515 Α
1164 2486 1171 2506 :
1202 2474 1410 2514 adipiscendi
1426 2475 1460 2505 P

839 2544 898 2578 ¹²7
