1799 2864
499 199 559 236 IN
590 199 880 238 VELLEIVM
912 199 1292 238 PATERCVLVM

228 309 437 353 resistance,
456 311 503 344 all
530 313 608 345 that
634 312 823 355 Augustus
849 311 956 344 could
983 311 1137 344 succeed
1164 309 1198 344 in
1222 308 1394 353 effecting
1411 320 1485 343 was
1510 315 1548 343 to

227 368 274 402 be
292 368 372 403 able
390 376 427 402 to
445 369 532 402 hold
550 369 611 402 the
630 367 842 411 consulship
859 368 914 401 for
930 374 994 401 not
1013 379 1113 401 more
1131 368 1221 401 than
1239 367 1365 401 eleven
1385 366 1513 400 times.'

276 426 404 470 Itaque
429 437 534 469 quem
561 425 596 459 in
621 427 689 469 qui
711 432 824 467 muto,
844 424 896 459 sic
921 424 1106 468 explicans
1126 437 1132 458 :
1167 426 1303 459 Caesar
1328 436 1410 458 curn
1436 435 1547 468 saepe

226 481 395 517 obnitens
421 489 670 527 repugnasset,
701 481 789 516 nihil
819 481 974 526 amplius
999 493 1021 514 a
1047 482 1180 525 populo
1207 481 1401 526 impetrare
1430 480 1548 525 potuit

225 539 293 574 nisi
311 539 370 584 qui
392 540 442 584 (h.
455 551 484 573 e.
505 551 576 584 qua
594 539 746 583 ratione)
773 538 999 573 continuaret
1019 539 1228 572 consulatus
1246 539 1294 572 ad
1313 537 1547 572 undecimum

225 608 339 641 usque
357 609 473 642 neque
491 599 592 632 ultra.

271 666 325 698 90
349 665 361 688 1
392 655 541 700 sepultis
569 663 607 690 ut
642 655 886 701 praediximus
915 654 1017 689 bellis
1047 653 1210 689 ciuilibus
1241 653 1545 688 coalescentibus-

222 722 292 756 que
320 712 404 757 reip.
436 713 609 748 membris
640 721 675 748 et
705 725 829 748 coram
859 712 971 747 aliero
1002 724 1094 758 quae
1121 719 1197 746 tam
1223 712 1332 755 longa
1358 722 1545 745 armorum

222 768 333 804 series
351 770 586 805 lacerauerat.
604 772 688 805 AF.

266 827 391 861 Verba
425 827 483 862 illa
516 836 685 873 corrupta
706 834 741 863 et
763 840 886 863 coram
916 830 1031 862 aliero
1059 827 1237 871 Bergkius
1265 825 1421 860 mutauit
1449 825 1484 859 in
1511 831 1548 860 et

220 885 404 920 coaluere:
438 897 549 930 quam
576 887 884 929 emendationem,
903 884 1068 931 quamuis
1095 897 1138 919 ex
1164 891 1266 929 parte
1294 895 1430 925 ueram,
1457 895 1543 927 pro-

220 942 298 987 pius
322 950 447 977 tamen
471 944 518 978 ad
545 944 673 979 ductus
700 944 912 987 litterarum,
931 943 1119 988 magisque
1145 943 1193 976 ad
1218 940 1543 986 palaeographiam

219 1001 487 1045 conuenienter,
523 1001 574 1036 sic
613 1002 846 1045 absoluerim,
879 1003 990 1036 eliam
1030 1002 1258 1035 coaluerunt.
1310 1000 1403 1033 Cum
1444 998 1543 1033 enim

568 1068 628 1085 lant

218 1091 393 1137 scriptum
412 1100 507 1127 esset
531 1098 567 1127 et
629 1105 666 1127 ca
683 1093 871 1136 aluerunt,
886 1093 1018 1127 tralato
1036 1093 1111 1126 iam
1129 1097 1212 1136 post
1231 1090 1318 1124 illud
1336 1102 1384 1133 co,
1403 1091 1540 1125 factum

217 1158 272 1184 est
290 1154 325 1183 el
341 1162 378 1183 co
396 1152 480 1193 ιἀυι,
500 1163 584 1185 mox
601 1155 636 1185 et
652 1163 773 1185 coram
788 1163 795 1185 :
824 1152 1003 1184 aluerunt
1019 1156 1152 1192 autem,
1173 1160 1246 1182 non
1265 1148 1399 1190 aluere,
1419 1147 1540 1192 potius

217 1206 252 1241 in
270 1208 385 1241 aliem
403 1207 567 1242 uitiatum
586 1208 752 1251 arbitror,
772 1220 853 1243 cum
870 1207 984 1242 rarius
1000 1207 1035 1241 in
1053 1205 1288 1241 Murbacensi
1307 1218 1336 1247 e,
1352 1218 1374 1240 o
1392 1217 1538 1250 permu-

215 1272 315 1300 tatae
340 1265 534 1300 uideantur
557 1266 677 1309 fuisse,
697 1271 808 1300 -runt
833 1265 908 1301 siue
935 1269 1039 1299 -rcmt
1063 1271 1204 1299 constet
1224 1263 1370 1308 saepius
1389 1263 1540 1308 dilapsis

215 1323 351 1357 ultimis
380 1323 518 1366 litteris,
544 1325 698 1359 fortasse
733 1324 817 1369 quia
849 1323 967 1358 minus
997 1322 1248 1363 audiebantur,
1281 1321 1315 1355 in
1342 1333 1399 1356 -ro
1429 1321 1540 1356 fuisse

215 1388 452 1416 contractum.
509 1382 693 1417 Ciceronis
728 1383 773 1417 de
808 1383 898 1426 Rep.
934 1381 952 1414 i.
987 1391 1042 1423 42.
1076 1382 1119 1425 65
1157 1382 1217 1414 Du
1255 1380 1348 1414 Rieu
1383 1385 1538 1414 testatur

218 1440 511 1474 POTVERVN‘
527 1448 727 1475 correctum
745 1440 866 1483 fuisse,
885 1451 906 1473 o
923 1439 1181 1484 suprascripta,
1202 1438 1236 1472 in
1258 1438 1516 1472 POTVERO.

262 1508 305 1540 91
327 1507 340 1531 1
372 1497 474 1541 signa
503 1499 671 1532 Romana
701 1510 793 1543 quae
823 1499 958 1532 Crasso
992 1508 1131 1541 praesso
1163 1496 1307 1530 Orodes
1335 1507 1432 1540 quae
1458 1497 1537 1530 An-

212 1554 312 1588 tonio
330 1557 434 1599 pulso
454 1555 545 1590 filius
563 1556 638 1590 eius
660 1557 836 1590 Prahates
855 1562 1036 1600 ceperant.
1054 1555 1104 1589 A.

258 1624 386 1657 presso
407 1615 448 1647 P.

260 1671 369 1713 Quod
388 1672 497 1715 uulgo
512 1671 632 1706 editur
645 1674 823 1716 oppresso,
840 1671 944 1716 quasi
958 1674 1002 1715 op
1020 1670 1191 1705 exciderit
1209 1676 1360 1715 propter
1373 1669 1536 1713 gemina-

211 1727 346 1763 tionem
374 1729 522 1772 (Crasso
539 1730 719 1774 praesse),
748 1729 861 1774 potuit
890 1729 925 1763 id
951 1729 1100 1774 quidem
1131 1727 1217 1770 fieri,
1247 1728 1383 1761 factum
1411 1735 1537 1762 tamen

210 1797 284 1820 non
314 1798 417 1821 reor:
458 1799 554 1830 nam,
586 1795 623 1822 ut
650 1787 902 1832 epitomatoris
932 1786 1164 1821 historiarum
1198 1785 1275 1819 Liui
1306 1785 1426 1819 uerbis
1455 1793 1538 1820 utar

211 1844 310 1886 (116)
330 1846 386 1878 ill.
409 1845 564 1879 Crassus
587 1845 718 1879 bellum
736 1845 894 1879 Parthis
917 1845 1099 1878 illaturus
1116 1844 1350 1888 Euphratem
1360 1843 1536 1885 fluuium

209 1905 372 1945 lransz'il,
402 1905 592 1947 uictusque
610 1903 767 1948 proelio,
798 1905 838 1937 in
868 1915 939 1947 quo
972 1907 1006 1936 el
1026 1902 1141 1947 filius
1169 1903 1248 1935 eius
1277 1902 1420 1942 decidit,
1452 1913 1534 1935 cum

209 1961 389 2004 reliquias
413 1963 592 1995 exercilus
616 1963 655 1995 in
681 1962 805 1995 collem
832 1963 1030 2005 recepisset,
1049 1964 1220 1994 euocatus
1245 1961 1284 1993 in
1311 1960 1534 2002 colloquium

209 2018 253 2051 ab
277 2019 439 2052 hostibus
468 2019 571 2052 uelut
600 2019 642 2052 de
662 2022 756 2064 pace
780 2021 931 2060 acturis,
958 2029 1115 2062 quorum
1143 2018 1224 2051 (lux
1246 2021 1328 2050 eras
1353 2017 1534 2059 Surenas,

207 2079 326 2120 comp
334 2076 407 2110 rell
416 2087 544 2110 ensus
561 2080 596 2110 et
611 2088 655 2110 ne
665 2077 881 2120 quidm'zms
889 2079 1085 2120 pateretur
1095 2078 1307 2120 repugnans
1318 2075 1534 2118 z'nlmseclzcs

207 2137 280 2168 est:
309 2134 349 2168 cf.
372 2134 462 2167 Plut.
483 2135 603 2168 Crass.
621 2144 677 2177 30,
697 2144 749 2178 31.
797 2135 928 2179 Itaque
938 2136 1100 2178 praenso
1121 2132 1285 2178 (prenso)
1306 2131 1425 2176 potius
1445 2132 1532 2166 scri-

207 2192 369 2225 bendum
388 2198 474 2226 erat.

256 2261 299 2292 91
325 2260 342 2282 2
371 2248 503 2294 quippe
528 2251 566 2284 L.
590 2251 746 2284 Murena
772 2256 807 2284 et
835 2249 997 2283 Fannius
1025 2248 1162 2293 Caepio
1189 2247 1341 2282 diuersis
1368 2247 1530 2282 moribus

207 2319 293 2341 nam
319 2308 476 2341 Murena
502 2306 578 2341 sine
609 2308 679 2341 hoc
713 2307 872 2342 facinore
901 2306 1018 2352 potuit
1048 2306 1162 2341 uideri
1187 2307 1305 2340 bonus
1333 2305 1470 2350 Caepio
1495 2313 1529 2340 et

206 2365 276 2399 hoc
294 2372 379 2398 ante
398 2372 473 2399 erat
492 2364 683 2409 pessimus.
701 2366 785 2399 ΑΡ.

253 2423 424 2457 Emendo
442 2427 476 2457 et
492 2423 556 2457 hoc
581 2422 647 2468 [et]
672 2427 779 2458 ante:
817 2429 1052 2468 opponuntur
1076 2424 1154 2457 sl'ne
1179 2423 1242 2456 lzoc
1255 2423 1440 2467 facinore,
1465 2422 1531 2456 hoc

839 2507 896 2540 ¹73
