1799 2864
668 181 873 218 VELLEI
905 181 1224 220 PATERCVLI

287 293 524 338 succederet,
540 291 652 338 illius,
669 299 712 330 ut
731 291 861 341 potius
877 292 1080 341 aequalem
1097 291 1225 329 ciuem
1241 304 1359 340 quam
1373 291 1612 329 eminentem

287 356 418 394 liceret
437 370 549 406 agere
564 356 791 406 principem.
849 357 1009 394 tandem
1023 356 1144 405 magis
1160 356 1309 394 ratione
1329 369 1447 405 quam
1463 357 1613 394 honore

287 421 413 458 uictus
430 429 498 467 est,
513 434 603 459 cum
619 420 813 470 quidquid
829 421 1020 458 tuendum
1041 434 1122 459 non
1138 420 1382 470 suscepisset,
1399 419 1613 470 periturum

287 485 437 523 uideret
453 500 462 532 3
490 485 642 535 solique
662 485 753 523 huic
773 485 936 534 contigit
956 498 1081 534 paene
1108 485 1253 523 diutius
1278 498 1455 523 recusare
1475 484 1613 534 princi-

287 558 433 598 patum,
456 563 586 599 quam,
617 558 660 587 ut
690 557 927 599 occuparent
958 562 1060 595 eum,
1091 549 1154 587 alii
1184 549 1300 587 armis
1331 557 1610 599 pugnauerant.

252 632 270 661 3
288 621 376 662 post
423 613 619 652 redditum
676 615 785 651 caelo
832 621 982 662 patrem
1029 622 1067 651 et
1114 627 1254 663 corpus
1301 613 1384 652 eius
1431 613 1613 652 humanis

288 677 514 724 honoribus,
537 691 684 716 numen
716 677 859 715 diuinis
883 678 1130 723 honoratum,
1152 677 1319 726 primurn
1341 678 1612 727 principalium

288 741 370 780 eius
409 755 571 791 operum
603 741 674 779 fuit
705 741 899 779 ordinatio
937 741 1197 788 comitiorum,
1230 755 1348 790 quam
1387 756 1505 780 manu
1545 756 1615 780 sua

249 825 269 854 4
288 806 470 856 scriptam
509 806 624 844 diuus
663 808 862 855 Augustus
901 805 1116 855 reliquerat.
1186 819 1265 855 quo
1304 815 1479 856 tempore
1518 807 1613 845 mihi

287 870 470 919 fratrique
491 884 591 917 meo,
613 869 832 908 candidatis
854 869 1042 916 Caesaris,
1060 870 1234 920 proxime
1254 884 1277 908 a
1296 871 1547 910 nobilissimis
1567 886 1613 910 ac

287 934 592 972 sacerdotalibus
612 934 704 972 uiris
725 934 910 973 destinari
930 934 1171 984 praetoribus
1198 935 1370 984 contigit,
1393 937 1614 975 consecutis

287 998 447 1047 quidem
468 1007 510 1036 ut
531 1012 660 1048 neque
679 1007 768 1048 post
789 1013 861 1037 nos
882 1012 1121 1048 quemquam
1138 999 1253 1037 diuus
1269 1002 1469 1049 Augustus
1485 1014 1613 1051 neque

287 1071 377 1100 ante
398 1077 470 1101 nos
492 1065 636 1102 Caesar
655 1065 951 1102 commendaret
972 1064 1163 1102 Tiberius.

199 1137 268 1174 125
341 1127 448 1165 Tulit
475 1127 651 1177 protinus
683 1136 721 1166 et
750 1127 832 1166 uoti
859 1137 897 1166 et
924 1128 1061 1166 consili
1088 1128 1146 1165 sui
1167 1128 1333 1178 pretium
1355 1143 1414 1167 res
1444 1130 1611 1179 publica,

289 1206 416 1242 neque
437 1192 504 1230 diu
525 1193 636 1230 latuit
655 1201 721 1231 aut
742 1193 837 1242 quid
858 1207 938 1231 non
960 1193 1206 1242 impetrando
1231 1194 1379 1243 passuri
1406 1194 1613 1233 fuissemus

287 1266 353 1295 aut
374 1257 469 1306 quid
499 1257 746 1307 impetrando
773 1257 1083 1307 profecissemus.
1147 1258 1293 1308 quippe
1317 1258 1517 1306 exercitus,
1547 1259 1614 1309 qui

288 1322 326 1359 in
367 1322 578 1360 Germania
617 1322 808 1360 militabat
845 1321 1137 1372 praesentisque
1181 1322 1404 1361 Germanici
1451 1322 1614 1373 imperio

289 1387 502 1436 regebatur,
537 1386 731 1435 simulque
764 1383 947 1436 legiones,
970 1399 1071 1435 quae
1098 1386 1137 1423 in
1169 1386 1323 1435 Illyrico
1355 1395 1474 1434 erant,
1508 1387 1614 1426 rabie

287 1453 458 1500 quadam
488 1460 526 1489 et
555 1452 750 1500 profunda
776 1451 1046 1489 confundendi
1073 1450 1206 1489 omnia
1232 1451 1444 1501 cupiditate
1464 1465 1614 1490 nouum

287 1517 441 1562 ducem,
473 1530 622 1554 nouum
657 1524 811 1562 statum,
843 1530 988 1554 nouam
1015 1516 1255 1565 quaerebant
1285 1530 1366 1554 rem
1398 1517 1595 1566 publicam
1606 1532 1616 1565 ,-

251 1601 266 1622 2
287 1580 382 1630 quin
399 1580 515 1618 etiam
537 1580 620 1618 ausi
641 1589 730 1618 sunt
752 1580 889 1618 minari
910 1582 1068 1619 daturos
1085 1580 1248 1627 senatui,
1269 1582 1428 1620 daturos
1449 1582 1613 1632 principi

287 1646 415 1694 leges,
445 1646 608 1683 modum
639 1645 820 1694 stipendi,
852 1646 972 1682 finem
998 1644 1157 1682 militiae
1182 1644 1255 1682 sibi
1283 1645 1355 1694 ipsi
1377 1646 1614 1685 constituere

285 1709 416 1747 conati
448 1717 560 1747 sunt:
590 1723 816 1759 processum
849 1708 965 1747 etiam
992 1708 1032 1746 in
1058 1722 1165 1746 arma
1194 1710 1416 1759 ferrumque
1437 1710 1612 1748 strictum

286 1782 343 1811 est
364 1782 401 1811 et
422 1787 546 1822 paene
567 1773 605 1810 in
626 1773 764 1810 ultima
782 1773 1000 1822 gladiorum
1021 1773 1146 1822 erupit
1167 1773 1375 1822 inpunitas,
1398 1775 1612 1825 defuitque,

251 1854 268 1883 3
287 1838 354 1887 qui
375 1846 510 1875 contra
531 1851 610 1875 rem
632 1837 831 1887 publicam
852 1839 1023 1884 duceret,
1046 1851 1126 1876 non
1147 1837 1213 1887 qui
1235 1847 1498 1887 sequerentur.
1543 1842 1613 1878 sed
1658 1855 1672 1885 ,-

288 1904 383 1940 haec
418 1902 550 1940 omnia
576 1902 718 1940 ueteris
746 1902 987 1951 imperatoris
1009 1902 1220 1948 maturitas,
1244 1904 1366 1940 multa
1386 1903 1611 1952 inhibentis,

285 1967 415 2016 aliqua
431 1980 520 2004 cum
534 1967 721 2016 grauitate
741 1966 972 2016 pollicentis,
992 1973 1071 2004 tum
1093 1967 1192 2005 inter
1212 1981 1388 2005 seueram
1404 1969 1614 2019 praecipue

330 2079 349 2098 2
375 2079 416 2099 m.
434 2070 564 2099 ratione
582 2069 646 2099 BA
664 2081 670 2099 :
696 2069 827 2099 ratione
853 2080 894 2099 m.
915 2069 948 2099 P
1055 2081 1074 2109 3
1097 2069 1257 2109 quicquid
1273 2070 1344 2099 ΑΡ
1428 2082 1446 2109 4
1471 2083 1559 2111 pene
1578 2073 1611 2103 A

286 2114 307 2142 6
331 2113 473 2142 reditum
490 2113 522 2142 A
632 2123 649 2151 7
675 2123 797 2143 numen
814 2113 965 2144 Kranse:
997 2123 1120 2143 nomen
1137 2113 1212 2146 ΑΡ,
1233 2114 1322 2153 quod
1334 2114 1470 2152 defendit
1485 2115 1612 2146 Milkau

285 2166 324 2185 ex
340 2166 391 2194 54.
412 2166 431 2185 2
537 2166 576 2186 10
600 2156 797 2186 candidatos
815 2156 886 2185 ΑΡ
991 2166 1026 2186 11
1053 2157 1286 2187 sacerdotibus
1303 2157 1382 2196 AF,
1399 2169 1459 2189 em.
1475 2158 1617 2199 Sclzcffer

286 2210 313 2229 c.
331 2200 466 2238 quidem
483 2200 612 2238 scripsi:
630 2200 888 2238 consecutisque
905 2200 937 2229 A
953 2211 958 2230 :
985 2201 1174 2230 consecutis
1191 2200 1224 2229 P
1326 2211 1364 2230 12
1389 2207 1466 2240 post
1484 2213 1546 2232 nos
1562 2203 1611 2233 P:

286 2247 363 2281 post
384 2253 492 2273 annos
511 2243 543 2272 A
681 2253 719 2280 14
743 2248 776 2273 et
796 2244 864 2273 uoti
891 2243 1059 2274 Gelenius:
1092 2249 1128 2274 ut
1152 2244 1222 2273 uoti
1246 2243 1317 2273 ΑΡ
1400 2246 1554 2284 praetium
1578 2246 1611 2276 A

292 2287 330 2315 16
353 2287 470 2324 profic.
483 2286 516 2315 A
610 2288 647 2316 18
672 2287 796 2316 rabiem
814 2287 981 2325 quandam
994 2288 1028 2317 A
1195 2297 1233 2326 19
1257 2288 1367 2317 omnia
1384 2292 1458 2318 ante
1474 2290 1612 2320 confun-

288 2330 388 2359 dendi
406 2330 542 2359 deletmn
559 2333 604 2359 est
619 2331 650 2359 in
668 2330 700 2359 A
813 2340 855 2360 20
880 2340 974 2368 quer.
992 2331 1024 2360 A
1141 2340 1182 2359 22
1205 2331 1366 2369 stipendii
1383 2331 1454 2361 ΑΡ
1571 2343 1612 2371 24

287 2373 401 2402 ultima
419 2372 517 2402 Voss:
535 2373 683 2403 ultimam
702 2373 788 2404 AB:
808 2374 958 2403 ultimum
974 2373 1008 2403 P
1136 2384 1175 2412 27
1202 2380 1269 2404 tum
1283 2374 1409 2406 addidi:
1435 2381 1468 2406 et
1484 2375 1615 2407 Krause

286 2426 448 2447 saeueram
472 2416 504 2446 A

921 2500 980 2540 136

1635 884 1673 905 10

1637 1209 1673 1240 ¹5

1637 1531 1676 1552 20
