1799 2864
722 228 891 264 LIBER
922 227 964 264 II

182 337 388 375 conamine
406 336 595 374 minorem
612 336 820 375 Catullum.
862 348 986 384 paene
1007 336 1123 372 stulta
1138 342 1195 372 est
1216 334 1500 372 inhaerentium
1520 350 1536 379 3

181 401 304 439 oculis
342 400 585 450 ingeniorum
624 398 876 445 enumeratio,
913 398 1012 436 inter
1045 411 1145 447 quae
1181 398 1346 436 maxime
1381 398 1499 436 nostri

180 464 267 503 aeui
298 464 471 502 eminent
502 463 682 512 princeps
713 462 929 500 carminum
950 462 1142 511 Vergilius
1176 462 1437 511 Rabiriusque
1463 470 1500 499 et

181 536 414 567 consecutus
435 527 659 566 Sallustium
682 527 816 565 Liuius
837 527 1096 576 Tibullusque
1117 534 1154 564 et
1171 528 1290 573 Naso,
1308 526 1501 576 perfectis—

142 606 156 634 5
180 592 268 631 simi
287 592 326 630 in
347 594 471 630 forma
490 592 617 641 operis
634 591 693 629 sui
708 606 717 638 3
747 605 837 629 nam
858 590 1039 629 uiuorum
1060 598 1101 628 ut
1123 604 1263 640 magna
1282 590 1498 635 admiratio,

123 928 161 950 10

119 1579 157 1600 20

179 657 232 695 ita
251 670 414 695 censura
433 656 598 695 difficilis
620 664 686 694 est.

234 722 340 758 Dum
379 721 476 758 haec
513 720 552 758 in
592 720 687 758 urbe
727 719 917 769 Italiaque
955 727 1148 769 geruntur,
1181 720 1254 759 Cn.
1290 718 1501 768 Pompeius
1520 731 1568 769 37

180 785 433 823 memorabile
470 786 657 823 aduersus
691 784 958 830 Mithridaten,
995 784 1062 834 qui
1099 791 1188 833 post
1227 783 1379 822 Luculli
1417 797 1501 832 pro-

179 849 390 887 fectionem
412 862 570 898 magnas
592 849 685 887 noui
713 849 900 887 exercitus
932 849 1046 887 uireis
1077 856 1331 898 reparauerat,
1355 849 1499 886 bellum

179 913 306 963 gessit.
364 920 403 951 at
431 927 496 951 rex
524 915 632 951 fusus
661 915 893 962 fugatusque
924 921 961 950 et
995 913 1179 951 omnibus
1211 920 1347 951 exutus
1379 912 1501 962 copiis
1524 932 1536 951 ,ν

179 978 406 1016 Armeniam
427 978 702 1028 Tigranenque
722 991 900 1016 socerum
921 977 1027 1027 petit,
1050 991 1178 1027 regern
1200 977 1282 1016 eius
1303 977 1499 1027 temporis,

179 1042 252 1081 nisi
272 1057 349 1092 qua
371 1043 523 1081 Luculli
543 1043 658 1081 armis
680 1050 759 1081 erat
783 1043 979 1090 infractus,
1001 1042 1327 1092 potentissimum.
1387 1042 1502 1080 simul
1523 1049 1539 1078 3

178 1107 309 1157 itaque
330 1109 429 1145 duos
450 1115 675 1156 persecutus
697 1107 908 1156 Pompeius
929 1106 1085 1145 intrauit
1111 1107 1349 1145 Armeniam.
1399 1106 1502 1156 prior

178 1171 279 1210 filius
313 1172 501 1221 Tigranis,
534 1173 602 1210 sed
634 1172 781 1210 discors
814 1172 923 1221 patri,
956 1171 1133 1221 peruenit
1161 1173 1212 1210 ad
1244 1171 1502 1221 Pompeium,

144 1250 271 1284 :mox
304 1236 386 1285 ipse
420 1238 581 1286 supplex
615 1244 652 1274 et
683 1250 864 1285 praesens
899 1250 939 1274 se
968 1250 1209 1286 regnumque
1243 1236 1390 1274 dicioni
1419 1236 1501 1274 eius
1523 1247 1541 1273 4

178 1301 362 1350 permisit,
385 1303 578 1350 praefatus
599 1301 796 1339 neminem
817 1301 936 1339 alium
963 1315 1092 1351 neque
1119 1303 1345 1339 Romanum
1373 1315 1501 1351 neque

178 1366 292 1404 ullius
312 1366 436 1415 gentis
457 1366 582 1404 uirum
600 1367 770 1404 futurum
787 1366 915 1413 fuisse,
934 1367 1043 1405 cuius
1065 1380 1105 1404 se
1126 1366 1301 1404 societati
1322 1366 1502 1405 commis-

177 1444 288 1468 surus
319 1432 427 1477 foret,
461 1444 579 1480 quam
611 1432 682 1470 Cn.
717 1431 949 1480 Pompeium
965 1446 975 1479 ,-
1003 1431 1115 1480 proin
1146 1445 1305 1469 omnem
1335 1431 1409 1469 sibi
1438 1432 1500 1469 uel

176 1495 382 1532 aduersam
415 1496 477 1532 uel
505 1496 729 1541 secundam,
763 1495 873 1533 cuius
903 1503 1038 1533 auctor
1068 1495 1132 1533 ille
1161 1503 1273 1542 esset,
1304 1497 1499 1534 fortunam

177 1558 418 1597 tolerabilem
453 1560 643 1596 futuram:
684 1572 764 1596 non
797 1572 880 1597 esse
914 1567 1025 1609 turpe
1062 1560 1112 1597 ab
1151 1573 1198 1598 eo
1233 1560 1348 1606 uinci,
1382 1574 1499 1610 quem

176 1623 332 1661 uincere
353 1631 453 1661 esset
475 1625 593 1670 nefas,
615 1637 744 1673 neque
764 1623 971 1662 inhoneste
990 1624 1161 1674 aliquem
1186 1625 1376 1663 summitti
1396 1625 1498 1672 huic,

177 1700 294 1737 quem
324 1689 478 1725 fortuna
504 1700 619 1736 super
645 1687 772 1726 omnis
799 1688 1006 1726 extulisset.
1065 1696 1239 1727 seruatus
1266 1689 1344 1739 regi
1374 1691 1500 1728 honos
1521 1697 1537 1725 5

175 1751 323 1801 imperi,
364 1753 433 1790 sed
472 1753 635 1790 multato
674 1751 821 1801 ingenti
858 1752 1035 1802 pecunia,
1070 1766 1170 1803 quae
1208 1753 1347 1801 omnis,
1388 1754 1499 1793 sicuti

222 1865 235 1884 1
263 1855 439 1885 conamine
470 1854 600 1894 scn'psi:
640 1854 787 1885 carmine
815 1854 904 1886 AP:
943 1866 1054 1894 neque
1082 1855 1150 1885 ullo
1180 1856 1212 1886 in
1241 1862 1401 1896 suscepto
1430 1867 1499 1887 car-

177 1898 276 1928 minis
303 1899 355 1928 sui
381 1909 483 1936 opere
509 1898 639 1928 Halm:
678 1908 787 1937 neque
816 1899 881 1928 ullo
911 1899 973 1929 nisi
1002 1899 1162 1929 succincti
1191 1900 1303 1938 operis
1330 1901 1500 1930 uolumine

176 1952 217 1971 m.
236 1942 273 1972 C.
292 1942 330 1973 L.
355 1941 498 1971 Traube:
524 1951 634 1980 neque
656 1942 722 1971 ulla
746 1942 779 1971 in
802 1942 952 1980 suscepti
969 1942 1081 1982 operis
1097 1943 1146 1972 sui
1165 1948 1259 1981 parte
1277 1954 1313 1973 se
1336 1945 1499 1974 minorem

175 1995 232 2025 ego
248 1985 326 2014 olim
445 1985 612 2014 Catullum
628 1985 661 2014 A
679 1997 686 2016 z
711 1985 864 2015 Catulum
882 1985 915 2014 P
1043 1986 1268 2016 inherentium
1292 1987 1325 2016 A
1481 1998 1500 2017 2

176 2029 296 2066 interq.
323 2027 395 2066 del„
413 2028 484 2058 dein
506 2033 664 2067 suprascr.
693 2029 782 2058 inter
804 2039 891 2067 quae
907 2028 940 2058 A
1077 2039 1097 2067 3
1121 2030 1279 2068 princeps
1300 2030 1386 2062 BA:
1411 2031 1499 2070 prin-

177 2071 314 2110 cipesP
398 2071 497 2110 Verg.
517 2071 588 2101 ΑΡ
693 2083 713 2111 4
738 2071 976 2102 SallustiumA
1099 2083 1116 2111 7
1134 2083 1160 2103 c.
1177 2083 1216 2112 37
1233 2073 1347 2103 Haase
1362 2074 1505 2122 censebat

176 2115 241 2145 loco
270 2125 330 2144 suo
361 2118 490 2144 molum
520 2124 583 2144 esse
604 2117 633 2144 et
656 2115 845 2145 reim'eudum
864 2119 939 2156 post
956 2126 1020 2155 39;
1055 2116 1191 2146 absurde
1220 2117 1306 2146 euim
1335 2117 1371 2147 id
1394 2117 1500 2146 diuellz

176 2169 196 2187 a
220 2169 271 2196 40,
300 2161 329 2187 et
351 2161 395 2187 zm
421 2157 589 2187 diuulsmn
617 2158 776 2198 interponi
796 2159 880 2188 inter
899 2159 963 2189 duo
989 2159 1128 2199 epi-§odia
1156 2170 1236 2199 quae
1259 2161 1343 2189 inter
1368 2170 1400 2189 se
1430 2171 1500 2190 con-

175 2201 283 2231 iuncta
304 2201 410 2239 fuisse
441 2211 506 2230 non
534 2202 646 2231 minus
676 2205 923 2232 consentaneum
953 2203 995 2231 sit
1024 2213 1126 2241 quam
1158 2204 1177 2233 i.
1209 2204 1312 2241 14-18
1479 2214 1499 2242 9

175 2245 275 2274 uireis
299 2244 370 2273 ΑΡ
392 2244 479 2284 quod
508 2245 625 2274 retinui
653 2255 725 2274 cum
757 2245 803 2275 ad
830 2245 1071 2276 Murbacensem
1101 2247 1241 2276 reuocari
1265 2247 1371 2276 debeat
1396 2250 1501 2286 utpote

175 2288 219 2317 sic
233 2288 347 2317 lectum
371 2288 410 2317 ab
426 2287 641 2317 Amerbacln'o
718 2289 798 2318 uiris
818 2288 926 2318 Halm
1034 2299 1071 2319 10
1094 2294 1127 2319 at
1145 2289 1210 2318 BA
1229 2301 1235 2320 :
1259 2289 1310 2320 Ac
1327 2290 1360 2320 P
1463 2299 1497 2319 11

175 2341 330 2361 socerum
353 2330 440 2362 AP:
474 2341 637 2369 generum
666 2330 799 2362 Aldus:
835 2342 935 2362 socer
965 2342 1126 2371 generum
1158 2332 1315 2362 Heinsius
1417 2333 1500 2372 petit

179 2374 326 2405 Gelenius
480 2384 518 2403 12
541 2384 605 2413 qua
632 2374 768 2406 Gruter:
806 2376 885 2414 quia
906 2375 977 2405 ΑΡ
1127 2386 1164 2414 15
1186 2376 1261 2407 e-ius
1284 2377 1401 2407 ditioni
1426 2377 1499 2407 eius

175 2417 208 2446 A
238 2418 308 2455 (sic)
445 2418 482 2447 18
506 2418 604 2456 proin
625 2417 684 2448 A:
717 2419 858 2457 proinde
880 2418 913 2448 P
1040 2429 1077 2448 21
1104 2419 1180 2449 huic
1197 2419 1255 2450 A:
1290 2430 1354 2451 om.
1380 2419 1419 2460 P,
1446 2420 1504 2450 sed

176 2461 360 2491 Rhenanus
375 2460 451 2492 adn.
470 2463 478 2477 ‘
489 2461 572 2491 alias
589 2471 664 2500 neq;
681 2462 711 2492 ei
723 2462 731 2473 ’
874 2473 916 2493 22
939 2473 1056 2493 omnes
1072 2462 1105 2492 A
1123 2473 1130 2493 ε
1154 2463 1283 2494 omneis
1298 2462 1332 2493 P
1458 2473 1499 2504 23

177 2504 296 2544 imperi
313 2502 383 2534 ΑΡ

813 2565 853 2598 55
