1799 2864
694 248 863 285 LIBER
895 249 935 285 ΙΙ

161 359 387 398 terribiliora
407 360 574 396 duceret.
633 368 675 394 ut
696 355 839 394 deinde
860 355 996 405 spretis
1017 356 1200 393 omnibus
1217 370 1316 405 quae
1338 358 1480 395 Caesar
1500 374 1518 402 4

160 425 433 474 postulauerat‚
469 422 744 460 tantummodo
778 428 985 458 contentus
1025 434 1102 458 una
1140 420 1292 470 legione
1326 420 1478 458 titulum

163 504 211 528 ne
235 490 414 528 retineret
438 486 673 537 prouinciae,
700 486 952 535 priuatusque
977 485 1015 522 in
1040 485 1176 523 urbem
1208 485 1356 523 ueniret
1381 493 1418 523 et
1443 500 1483 522 se

162 554 200 591 in
248 552 434 602 petitione
482 552 706 589 consulatus
752 549 939 598 suffragiis
984 549 1119 598 populi
1166 549 1336 586 Romani
1381 562 1484 586 com-

125 633 141 663 5
162 618 328 656 mitteret
359 618 578 662 decreuere,
612 623 714 653 ratus
747 615 973 652 bellandum
1009 615 1152 653 Caesar
1186 627 1275 651 cum
1315 613 1482 651 exercitu

164 681 412 719 Rubiconem
445 680 603 718 transiit.
663 680 735 718 Cn.
764 677 975 727 Pompeius
1007 679 1267 727 consulesque
1299 684 1336 715 et
1364 677 1486 715 maior

162 758 247 794 pars
295 752 451 782 senatus
499 743 631 782 relicta
677 743 772 781 urbe
819 756 865 780 ac
905 742 1049 780 deinde
1090 741 1201 779 Italia
1240 741 1485 779 transmisere

163 809 430 858 Dyrrachium.

216 875 267 911 At
295 874 438 912 Caesar
470 872 646 911 Domitio
674 871 982 921 legionibusque,
1007 871 1154 910 Corfini
1175 884 1276 920 quae
1298 884 1374 908 una
1394 883 1482 907 cum
1503 878 1556 916 50

106 955 143 976 10
162 951 210 976 eo
234 939 396 985 fuerant,
418 938 576 988 potitus,
599 939 699 976 duce
726 937 900 987 aliisque,
924 937 989 987 qui
1011 944 1277 975 conuenerant
1303 936 1409 974 abire
1435 937 1485 973 ad

164 1004 408 1054 Pompeium,
437 1005 520 1043 sine
547 1005 734 1043 dilatione
765 1004 946 1051 dimissis,
975 1013 1200 1054 persecutus
1234 1003 1485 1042 Brundisium

162 1069 214 1107 ita
235 1078 275 1107 ut
295 1078 496 1120 appareret
523 1072 638 1108 malle
665 1070 820 1119 integris
850 1070 965 1108 rebus
993 1077 1029 1107 et
1057 1069 1357 1108 condicionibus
1378 1069 1487 1106 finire

164 1135 310 1173 bellum
325 1149 441 1185 quam
460 1135 678 1184 opprimere
687 1134 878 1183 fugientis,
891 1148 980 1171 cum
991 1142 1248 1183 transgressos
1257 1133 1487 1182 repperisset

164 1201 356 1246 consules,
375 1200 414 1237 in
436 1200 571 1237 urbem
593 1198 796 1237 reuertitur
816 1197 1046 1247 redditaque
1066 1197 1215 1235 ratione
1236 1196 1487 1235 consiliorum
1510 1211 1523 1229 2

107 1275 143 1307 15
165 1279 323 1303 suorum
356 1266 394 1303 in
427 1274 562 1304 senatu
595 1274 632 1304 et
659 1265 697 1303 in
728 1265 914 1303 contione
943 1278 988 1302 ac
1018 1264 1254 1302 miserrimae
1281 1263 1489 1301 necessitu-

166 1330 278 1376 dinis,
301 1344 390 1368 cum
411 1330 547 1368 alienis
567 1330 682 1368 armis
703 1331 753 1367 ad
774 1343 880 1367 arma
896 1330 1122 1378 compulsus
1143 1336 1255 1374 esset,
1275 1327 1489 1376 Hispanias

165 1403 295 1444 petere
334 1395 516 1433 decreuit.
594 1394 882 1433 festinationem
931 1393 1076 1431 itineris
1124 1393 1206 1431 eius
1247 1392 1487 1442 aliquamdiu
1511 1403 1527 1431 J.

167 1469 315 1499 morata
347 1461 521 1499 Massilia
542 1469 609 1507 est,
632 1462 710 1498 fide
741 1460 878 1498 melior
908 1473 1025 1508 quam
1058 1458 1222 1497 consilio
1249 1458 1487 1507 prudentior,

166 1525 440 1574 intempestiue
461 1525 732 1574 principalium
753 1537 949 1562 armorum
976 1523 1132 1561 arbitria
1152 1531 1324 1572 captans,
1347 1522 1489 1571 quibus

109 1611 148 1632 20
167 1590 205 1628 hi
226 1604 267 1628 se
287 1590 433 1628 debent
450 1590 706 1639 interponere,
722 1588 788 1638 qui
806 1601 884 1626 non
902 1595 1101 1636 parentem
1119 1600 1297 1625 coercere
1313 1594 1487 1635 possunt.

166 1654 354 1693 exercitus
393 1654 548 1700 deinde,
589 1653 655 1703 qui
694 1653 767 1690 sub
807 1651 968 1689 Afranio
1007 1650 1201 1689 consulari
1248 1664 1293 1688 ac
1337 1650 1527 1690 Petreio4

209 1770 228 1789 2
251 1769 326 1790 cum
354 1769 420 1789 una
448 1758 579 1797 legione
612 1768 654 1787 ne
681 1758 759 1792 (om.
788 1756 833 1791 P)
868 1756 1000 1786 titulum
1032 1755 1180 1785 retinere
1213 1765 1245 1794 p.
1274 1754 1350 1786 ΑΡ,
1417 1754 1492 1784 Vide

168 1803 294 1834 Comm.
317 1802 394 1833 Cm‘l.
527 1812 546 1840 3
571 1802 789 1840 priuatusque
806 1799 895 1830 AF:
923 1800 1072 1838 priuatus
1091 1798 1258 1829 Gelenius:
1283 1798 1435 1836 priuatus
1456 1803 1491 1827 ut

166 1847 372 1876 Mommsen:
396 1856 462 1884 que
487 1869 494 1875 .
512 1869 519 1875 .
538 1869 544 1875 .
570 1850 602 1874 et
630 1844 821 1883 ‘paniculas
844 1844 928 1872 infer
945 1853 977 1872 se
1001 1841 1220 1881 respondentes
1243 1851 1409 1881 agnoscere
1429 1846 1496 1881 pm·

166 1889 228 1920 est'
252 1889 395 1920 Thomas
406 1894 439 1928 p.
463 1898 522 1918 12:
561 1888 617 1917 sed
638 1888 745 1917 dubito
852 1887 968 1916 uenire
997 1885 1086 1915 AP:
1110 1886 1231 1914 correxi
1359 1895 1377 1922 4
1403 1895 1490 1914 com-

169 1934 303 1964 mittere
320 1932 398 1970 ΑΡ,
416 1943 491 1962 corr.
515 1932 661 1962 Gelenius
793 1939 811 1969 5
837 1931 1020 1960 decreuere
1037 1928 1113 1966 AF,
1132 1928 1189 1958 sed
1202 1928 1310 1958 But-er
1322 1928 1493 1957 adnotans!

169 1980 176 1994 ‘
189 1987 236 2007 cx.
255 1979 313 2006 uel.
336 1976 380 2005 sic
401 1976 493 2005 habet
515 1978 550 2004 ut
569 1974 738 2014 legendum
761 1973 940 2003 exislimem
964 1971 1185 2002 decreuerat!
1247 1972 1360 2010 Itaque
1376 1976 1491 2010 paren-

169 2020 269 2049 thesin
281 2019 400 2057 fecerat
420 2019 469 2048 ille
491 2018 720 2048 tantummodo
737 2041 744 2048 .
764 2041 770 2048 .
792 2041 798 2046 .
817 2017 1025 2049 decreuerat,
1048 2026 1087 2045 ex
1107 2016 1164 2044 lzoc
1181 2019 1290 2044 autem
1313 2014 1491 2053 zbzfinilinos

170 2063 284 2093 uenire
304 2086 310 2092 .
328 2087 333 2093 .
354 2087 361 2093 .
379 2063 586 2092 committere
600 2061 856 2100 pendmefhceml
970 2062 990 2090 8
1016 2059 1222 2098 Dyrachium
1239 2058 1284 2094 A,
1303 2061 1331 2088 et
1346 2058 1390 2087 sic
1404 2067 1454 2094 51.
1478 2067 1487 2085 1

168 2117 188 2145 9
213 2106 470 2144 legionibusque
495 2105 621 2135 Corfini
649 2115 734 2143 quae
759 2103 810 2134 P:
834 2103 1088 2142 legionibusque
1114 2102 1241 2132 Corfini
1266 2101 1320 2131 A:
1354 2101 1494 2139 legioni-

168 2151 299 2188 busque
325 2160 411 2187 quae
436 2149 523 2179 Cors.
556 2148 667 2178 Baiter
843 2157 881 2177 10
905 2150 1135 2176 conuenerant
1165 2145 1297 2185 scmpsi:
1329 2149 1493 2174 uenerant

170 2192 254 2224 AP:
283 2193 457 2222 uoluerant
477 2192 622 2222 Gelenius
736 2200 769 2220 11
797 2190 1019 2220 Brundusium
1037 2189 1107 2218 ΑΡ
1216 2198 1254 2226 13
1279 2187 1438 2226 fugientis
1458 2186 1490 2215 A

171 2246 280 2275 seper.
298 2235 368 2265 ΑΡ
458 2245 494 2273 14
519 2234 675 2265 consules
698 2233 731 2263 A
834 2233 1055 2264 reuertiturA
1071 2236 1107 2262 ut
1120 2243 1171 2270 40.
1184 2243 1214 2270 2,
1227 2242 1276 2270 42.
1295 2242 1314 2270 3
1330 2242 1336 2261 :
1354 2231 1494 2261 reuertit

733 2283 759 2302 et

170 2312 203 2342 P
375 2321 412 2350 15
437 2311 470 2342 in
498 2312 585 2351 (lut)
613 2316 731 2342 senatu
772 2310 803 2340 in
830 2309 989 2340 contione
1006 2309 1051 2343 Α,
1084 2312 1118 2338 ut
1141 2309 1302 2338 onu'ssmn
1325 2318 1345 2337 a
1370 2318 1414 2338 m.
1442 2312 1492 2347 pr.

160 2356 264 2394 sm‘rit
290 2360 323 2385 et
534 2365 571 2393 17
596 2354 763 2393 aliqufidiu
791 2354 903 2383 ἰ-ΗΘΗ-ῒῑ
932 2358 1058 2383 morata
1092 2352 1241 2382 Massilia
1271 2350 1304 2380 A
1338 2351 1408 2389 (sic)
1441 2350 1499 2379 sed

172 2399 313 2438 utrisque
342 2417 363 2424 »-
393 2398 550 2428 indnctis:
578 2398 769 2437 aliquandiu
795 2396 828 2426 Ρ
976 2408 1017 2427 20
1045 2397 1138 2426 hisce
1164 2395 1196 2423 A
1340 2404 1376 2423 21
1407 2394 1492 2424 Afri-

172 2443 269 2472 canio
303 2442 421 2472 ‘erasis
455 2442 467 2470 ι’
502 2445 530 2471 et
560 2442 591 2471 c’
624 2441 749 2472 Burer:
788 2440 950 2470 Africano
981 2440 1067 2471 AP:
1110 2439 1251 2469 Afranio
1283 2438 1390 2468 Burer
1417 2438 1492 2468 com'.

174 2485 368 2516 PraeteioA

815 2556 856 2598 69
