1799 2864
460 199 519 235 IN
549 199 841 235 VELLEIVM
875 200 1254 238 PATERCVLVM

241 310 290 352 58
313 318 325 342 1
356 319 428 353 quo
445 319 543 342 anno
563 308 598 342 id
617 308 654 342 id
674 315 862 353 patrauere
880 308 1021 343 facinus
1040 310 1090 343 A.

241 366 276 400 id
293 367 404 400 semel
418 367 462 400 P.

242 425 300 458 Ne
334 423 393 458 hic
426 423 586 468 quidem,
622 429 660 456 ut
694 433 763 457 nec
797 422 832 456 in
861 432 916 466 49.
946 434 967 466 4
1000 425 1141 469 legione
1173 436 1226 468 ne,
1262 437 1361 460 mero
1395 438 1514 461 errore

192 483 449 527 geminationis
468 483 624 517 eandem
644 482 823 526 syllabam
842 483 1033 528 repetitam
1058 495 1159 518 reor:
1186 485 1339 519 alterum
1358 486 1400 519 id
1414 487 1512 530 quod

191 551 246 578 est
266 544 301 577 in
319 544 355 577 A
376 555 419 577 ex
445 545 499 576 ila
526 542 641 587 potuit
669 542 765 585 duci,
785 543 1097 587 quemadmodum
1119 544 1172 587 56.
1190 553 1212 586 4
1229 544 1330 587 quod
1351 545 1395 578 ab
1418 556 1456 578 eo
1474 546 1517 578 id

192 602 380 646 repulsum
401 605 483 634 erat
506 607 603 635 recte
629 611 650 634 a
675 601 857 634 Rhenano
883 601 984 645 quod
1004 602 1048 635 ab
1072 613 1110 634 eo
1136 603 1190 634 ila
1217 603 1404 646 repulsum
1433 606 1514 635 eras

192 660 428 694 emendatum
462 666 528 693 est.
578 659 810 693 Velleianum
843 666 897 693 est
938 659 989 694 sic
1028 660 1252 704 amplificare
1292 671 1511 694 sermonem.

192 720 246 762 78.
266 729 285 752 2
311 720 462 753 interim
480 721 554 763 per
576 718 663 752 llaec
687 720 861 763 [sulpura.
911 727 966 761 77.
993 728 1011 752 2
1036 719 1078 752 z'd
1104 730 1219 752 mmm
1249 719 1512 751 tantummodo.

192 786 245 820 73.
265 787 284 820 3
303 778 336 810 is
353 781 442 820 lum,
461 781 504 810 ul
514 776 785 821 praedm-imus.

237 844 323 878 591
355 835 401 868 de
428 834 530 868 cuius
560 834 698 878 origine
725 834 836 868 etiam
867 833 894 868 si
926 833 1115 878 praeuenit
1146 839 1180 867 et
1210 844 1327 878 pauca
1353 833 1511 867 dicenda

189 899 282 926 sunt.
299 893 334 926 A
341 893 384 925 P.

236 950 413 994 Loquitur
431 950 476 984 de
497 949 665 992 Octauio,
686 956 819 994 nepote
840 949 1008 983 Caesaris
1036 949 1170 984 sororis
1198 949 1322 991 Iuliae,
1342 949 1401 994 qui
1427 960 1511 983 mox

192 1009 417 1043 Octauianus
451 1020 494 1042 ex
523 1008 737 1052 adoptione,
768 1014 954 1052 postremo
984 1009 1170 1051 Augustus
1204 1008 1408 1052 appellatus
1443 1014 1508 1041 est.

192 1067 311 1102 Huius
333 1067 424 1101 tanti
452 1079 536 1101 mox
554 1067 619 1101 uiri
639 1066 849 1111 ingrediens
875 1074 989 1111 gesta,
1009 1067 1141 1111 quibus
1166 1066 1333 1111 princeps
1358 1067 1404 1100 ad
1429 1066 1510 1100 ulti-

189 1137 289 1159 mum
308 1126 425 1159 factus
448 1131 503 1159 est
523 1125 680 1159 Romani
700 1124 872 1167 nominis,
892 1136 965 1158 non
989 1125 1120 1158 mirum
1140 1124 1168 1158 si
1195 1125 1354 1159 Velleius
1373 1124 1508 1169 paulis-

189 1195 253 1228 per
270 1183 306 1217 in
332 1195 464 1227 genere
481 1190 516 1217 et
535 1183 673 1227 origine
691 1183 768 1217 eius
794 1183 1007 1217 immoratus
1034 1190 1100 1225 est,
1119 1182 1320 1227 anticipato
1344 1190 1509 1227 tempore

189 1242 337 1276 maioris
355 1242 552 1287 potentiae.
598 1243 727 1287 ltaque
740 1241 948 1286 scripserim
966 1243 1076 1275 etiam
1090 1243 1362 1285 sz'p7’aeue7n'et,
1377 1241 1508 1285 quibus

188 1302 308 1336 uerbis
327 1302 460 1336 fatetur
477 1301 598 1346 aptius
626 1313 664 1335 se
683 1302 729 1335 de
753 1301 891 1345 origine
909 1301 1063 1344 Augusti
1088 1308 1165 1335 tum
1192 1301 1373 1335 dicturum
1397 1300 1508 1334 fuisse

189 1372 271 1394 cum
298 1360 346 1394 ad
373 1367 592 1394 maturatam
619 1366 842 1404 potestatem
867 1366 1084 1404 peruentum
1115 1367 1233 1401 esset3
1274 1359 1339 1393 sed
1365 1359 1507 1403 magni-

187 1417 312 1451 tudine
343 1418 409 1451 uiri
440 1424 580 1451 motum
615 1429 815 1462 occupasse
849 1418 894 1451 de
922 1417 1136 1462 parentibus
1162 1417 1293 1451 dicere.
1344 1418 1511 1451 Etiamsi

182 1478 400 1520 praeueniet
424 1487 473 1510 sc.
501 1487 617 1520 pauca
644 1476 784 1518 dicere;
814 1475 911 1509 idem
938 1475 1054 1520 potuit
1081 1475 1132 1509 sic
1156 1475 1346 1509 enuntiare
1364 1476 1511 1508 etiamsi

180 1535 463 1577 praeuerterim,
485 1533 610 1576 (eliam
627 1534 884 1578 praeuertenli
899 1533 1041 1575 Orelli).

235 1593 287 1626 60
307 1602 326 1622 2
356 1591 528 1626 dictitans
552 1591 654 1625 nefas
680 1603 761 1626 esse
788 1603 860 1636 quo
887 1591 1034 1626 nomine
1066 1591 1216 1626 Caesari
1247 1591 1379 1635 dignus
1410 1598 1506 1625 esset

856 1658 873 1672 Π.

186 1682 285 1717 uisus
305 1689 419 1717 semet
439 1682 558 1727 ipsum
578 1650 769 1726 indigrigum
787 1682 914 1716 uideri.
932 1683 982 1717 A.

231 1740 345 1774 uideri
365 1740 557 1784 indignum
575 1741 616 1774 P.

233 1799 500 1832 Praeferendus
519 1798 636 1832 eratis
654 1798 744 1832 ordo
759 1799 954 1832 uerborum
967 1809 1076 1843 quem
1089 1798 1124 1832 A
1143 1798 1269 1832 habuit
1288 1809 1309 1831 a
1327 1809 1373 1831 m.
1389 1797 1507 1842 prima

184 1856 380 1901 indzgmcm
400 1857 532 1890 uideri.
585 1857 655 1890 Pro
672 1860 782 1890 semel
799 1856 954 1890 Vrsinus
973 1855 1106 1890 rectius
1125 1855 1226 1889 dedit
1244 1856 1394 1889 sibimet.

233 1915 285 1948 60
304 1923 326 1956 4
352 1913 559 1948 sestertium
586 1915 747 1958 septiens
772 1914 916 1948 miliens
941 1914 1148 1958 depositum
1175 1926 1196 1948 a
1217 1915 1255 1948 C.
1277 1915 1434 1948 Caesare
1456 1914 1505 1948 ad

184 1973 314 2007 aedem
344 1973 436 2018 Opis
465 1981 682 2018 occupatum
710 1974 757 2008 ab
783 1974 947 2008 Antonio
974 1980 1138 2008 actorum
1165 1974 1330 2008 eiusdem
1359 1973 1504 2008 insertis

181 2031 282 2065 falsis
302 2031 581 2076 ciuitatibusque
606 2032 782 2077 corruptis
809 2032 1083 2066 commentariis
1110 2039 1217 2077 atque
1242 2032 1365 2066 onmia
1388 2032 1504 2076 pretio

182 2098 386 2136 temperata
404 2093 585 2126 uendente
603 2104 714 2137 remp.
734 2094 893 2127 consule.

231 2150 354 2184 Prima
373 2151 430 2185 ed.
451 2151 648 2196 Bipontina
669 2152 832 2186 exhibuit
851 2152 887 2185 id
906 2152 1001 2196 quod
1020 2151 1180 2196 plerique
1204 2158 1284 2195 post
1306 2150 1502 2184 Krausium

181 2212 373 2246 ediderunt
397 2214 566 2257 corrupti
586 2214 860 2247 commentarii:
894 2213 1000 2246 ‘nam
1027 2223 1109 2246 cum
1131 2211 1327 2256 praecedat
1354 2213 1504 2254 occupa-

181 2275 272 2312 fam,
288 2276 458 2315 sequatur
471 2273 683 2315 temperata,
699 2283 851 2305 necesse
869 2278 923 2304 est
943 2270 1103 2304 medium
1122 2270 1327 2304 membrum
1347 2268 1503 2303 eandem

183 2329 318 2362 habere
336 2328 644 2363 constructionem
668 2329 766 2363 uerbi
787 2328 877 2363 finiti
899 2328 975 2363 sine
993 2329 1105 2363 uerbo
1125 2327 1352 2362 substantiuo
1371 2326 1503 2371 positi‚’

183 2394 219 2421 ut
239 2386 358 2420 uerbis
376 2393 456 2421 utar
477 2387 613 2421 Kritzii.

232 2445 304 2480 Hic
323 2457 404 2480 cum
425 2446 470 2479 ad
497 2453 616 2480 cetera
643 2446 910 2491 expediendum
930 2444 1115 2480 Ciceronis
1143 2445 1254 2479 uerba
1280 2443 1439 2478 attulerit
1457 2444 1502 2478 de

810 2510 869 2551 165
