1799 2864
716 206 885 243 LIBER
917 206 958 243 II

164 328 309 354 annum
339 314 586 360 tricesimum,
609 314 743 363 rapuit.
803 314 925 351 moles
946 312 1089 351 deinde
1111 311 1225 365 [eius]
1248 313 1339 351 belli
1365 321 1483 351 trans·
1502 332 1520 361 4

165 382 240 419 lata
278 381 316 418 in
352 383 550 419 Neronem
588 387 668 417 est:
711 379 819 428 quod
853 378 883 416 is
917 392 986 416 sua
1018 386 1056 416 et
1090 378 1231 416 uirtute
1262 386 1299 416 et
1330 380 1484 416 fortuna

164 445 448 484 administrauit
474 451 774 493 peragratusque
803 443 928 481 uictor
953 442 1081 481 omnis
1108 442 1225 491 partis
1250 443 1483 481 Germaniae

164 509 247 547 sine
282 511 360 547 ullo
393 508 627 547 detrimento
660 507 858 545 commissi
897 507 1095 553 exercitus,
1131 508 1239 556 quod
1276 507 1484 556 praecipue

128 585 145 615 5
165 574 254 611 huic
275 573 364 612 duci
385 586 537 622 semper
553 586 666 610 curae
683 572 763 618 fuit,
779 571 833 610 sic
848 571 1070 621 perdomuit
1086 585 1183 617 earn,
1202 579 1243 609 ut
1263 571 1302 608 in
1319 573 1483 609 formam

165 652 289 688 paene
327 637 599 687 stipendiariae
638 637 826 687 redigeret
864 636 1099 686 prouinciae.
1172 644 1254 674 tum
1292 638 1388 674 alter
1426 637 1485 674 tri-

165 705 334 752 umphus
355 717 444 741 cum
465 704 586 741 altero
607 703 811 740 consulatu
832 701 866 739 ei
887 702 1041 739 oblatus
1062 709 1129 738 est.

222 769 327 805 Dum
361 781 417 814 ea,
450 780 550 816 quae
584 766 762 813 diximus,
795 765 834 803 in
870 764 1073 803 Pannonia
1105 764 1393 814 Germaniaque
1426 778 1487 814 ge·
1506 764 1561 811 98

166 839 310 876 runtur,
333 839 441 869 atrox
460 831 499 868 in
520 830 687 868 Thracia
706 831 853 868 bellum
880 837 1019 876 ortum,
1042 829 1225 867 omnibus
1253 829 1334 867 eius
1361 829 1486 878 gentis

110 912 146 933 10
167 895 390 934 nationibus
424 896 463 933 in
497 910 603 934 arma
635 895 821 942 accensis,
858 897 899 933 L.
935 894 1099 942 Pisonis,
1132 908 1250 944 quern
1289 895 1487 944 hodieque

165 961 505 1012 diligentissimum
531 970 649 1011 atque
675 962 846 999 eundem
870 960 1112 999 lenissimum
1139 961 1353 999 securitatis
1378 961 1487 999 urba-

165 1041 238 1065 nae
267 1028 471 1065 custodem
501 1027 703 1073 habemus,
736 1026 856 1064 uirtus
886 1026 1115 1075 compressit
1148 1026 1309 1077 (quippe
1339 1028 1487 1076 legatus
1508 1044 1521 1063 2

165 1092 341 1131 Caesaris
376 1092 542 1130 triennio
581 1106 670 1130 cum
709 1092 768 1129 his
799 1091 959 1129 bellauit
991 1092 1196 1141 gentisque
1230 1092 1487 1130 ferocissimas

165 1156 332 1205 plurimo
348 1170 437 1194 cum
458 1170 590 1194 earum
611 1156 762 1194 excidio
779 1170 883 1194 nunc
903 1156 996 1203 acie,
1015 1170 1120 1194 nunc
1136 1157 1488 1206 expugnationibus

129 1235 144 1264 5
165 1221 204 1258 in
225 1221 429 1270 pristinum
450 1221 555 1270 pacis
576 1220 723 1270 redegit
744 1220 936 1271 modum),
954 1220 1115 1270 eiusque
1135 1221 1352 1270 patratione
1372 1221 1489 1259 Asiae

166 1286 424 1332 securitatem,
449 1286 709 1324 Macedoniae
730 1299 875 1335 pacem.
889 1285 1069 1323 reddidit.
1129 1288 1178 1324 de
1199 1299 1278 1335 quo
1305 1286 1388 1324 uiro
1413 1288 1488 1324 hoc
1509 1299 1526 1328 3

165 1351 350 1389 omnibus
371 1351 618 1389 sentiendum
643 1365 688 1389 ac
715 1351 1021 1401 praedicandum
1049 1359 1117 1398 est,
1140 1366 1224 1390 esse
1251 1366 1378 1390 mores
1405 1352 1487 1390 eius

166 1416 298 1465 uigore
336 1430 381 1454 ac
416 1417 573 1454 lenitate
608 1416 858 1455 mixtissimos
892 1424 929 1454 et
964 1416 1028 1454 uix
1059 1430 1297 1466 quemquam
1331 1417 1487 1466 reperiri

167 1493 293 1529 posse,
327 1480 394 1530 qui
431 1489 497 1518 aut
531 1481 653 1519 otium
688 1480 855 1518 ualidius
885 1480 1018 1530 diligat
1051 1489 1117 1518 aut
1146 1481 1295 1519 facilius
1325 1481 1489 1519 sufficiat

109 1559 148 1580 20
168 1545 325 1594 negotio
355 1554 392 1583 et
417 1546 538 1595 magis
559 1560 659 1596 quae
685 1547 837 1595 agenda
863 1554 953 1583 sunt
980 1555 1087 1584 curet
1114 1546 1197 1584 sine
1222 1549 1299 1584 ulla
1323 1555 1490 1585 ostenta-

164 1610 270 1648 tione
289 1610 441 1659 agendi.

221 1678 336 1716 Breui
380 1678 582 1717 interiecto
627 1678 752 1728 spatio
790 1678 849 1716 Ti.
885 1680 991 1716 Nero
1029 1680 1185 1717 duobus
1219 1680 1487 1718 consulatibus
1510 1689 1569 1726 99

166 1743 410 1793 totidemque
431 1744 635 1794 triumphis
655 1745 750 1784 actis
767 1746 996 1785 tribuniciae
1015 1747 1218 1796 potestatis
1239 1748 1488 1786 consortione

166 1818 354 1858 aequatus
376 1811 564 1859 Augusto,
587 1810 732 1849 ciuium
756 1820 845 1861 post
872 1826 1005 1859 unum,
1028 1821 1065 1851 et
1092 1815 1179 1859 hoc,
1201 1813 1292 1863 quia
1319 1815 1488 1861 uolebat,

110 1885 147 1916 25
169 1873 510 1921 eminentissimus,
551 1877 696 1914 ducum
743 1877 943 1924 maximus,
984 1879 1087 1915 fama
1124 1880 1357 1928 fortunaque
1396 1881 1492 1917 cele-

169 1939 356 1977 berrimus
377 1948 414 1977 et
435 1953 525 1978 uere
544 1942 707 1979 alterum
734 1941 787 1979 rei
813 1942 994 1991 publicae
1020 1944 1153 1980 lumen
1177 1952 1215 1981 et
1246 1952 1373 1992 caput,
1396 1944 1491 1981 mira
1514 1959 1527 1979 2

169 2004 339 2053 quadam
361 2012 398 2041 et
419 2003 635 2042 incredibili
655 2014 773 2055 atque
794 2006 1039 2044 inenarrabili
1057 2007 1210 2056 pietate,
1226 2008 1335 2045 cuius
1352 2022 1492 2046 causae

171 2082 261 2106 mox
290 2069 466 2107 detectae
496 2079 596 2116 sunt,
623 2084 712 2108 cum
743 2072 786 2110 C.
811 2073 955 2110 Caesar
978 2072 1205 2121 sumpsisset
1236 2073 1311 2111 iam
1342 2073 1491 2111 uirilem

171 2141 313 2182 togam,
349 2134 491 2172 Lucius
525 2134 617 2173 item
652 2144 824 2174 maturus
859 2145 959 2175 esset
992 2137 1129 2185 †uiris‚
1163 2152 1212 2176 ne
1243 2140 1368 2188 fulgor
1401 2153 1493 2177 suus

237 2239 296 2255 eius

217 2274 228 2293 1
302 2264 379 2294 belli
400 2264 467 2303 (sic)
486 2265 519 2294 A
537 2266 701 2304 :jodasse
717 2268 789 2297 eius
806 2268 1021 2298 01111'ltend11m
1038 2273 1104 2298 cml
1234 2281 1253 2308 3
1278 2275 1494 2309 peruagatus-

169 2317 235 2345 que
248 2307 412 2337 Ruhnken
501 2310 608 2339 omnis
622 2311 725 2348 partis
739 2311 771 2339 A
852 2313 872 2340 6
896 2322 984 2350 pene
1000 2312 1033 2342 A
1104 2319 1235 2351 regeret
1252 2314 1284 2343 A
1364 2315 1384 2343 8
1407 2325 1494 2353 quae

170 2351 400 2389 praediximus
417 2351 450 2380 P
537 2362 574 2383 10
601 2353 692 2383 Lucii
708 2353 780 2383 ΑΡ
867 2365 905 2393 13
930 2356 980 2385 his
996 2355 1084 2386 AF:
1110 2357 1149 2386 iis
1166 2357 1272 2387 Halm
1361 2363 1494 2394 gentes-

170 2404 236 2432 que
253 2394 322 2423 ΑΡ
406 2396 444 2424 18
462 2395 572 2433 rigore
594 2396 730 2427 Vrsinus
812 2408 852 2427 22
870 2398 917 2429 Ti.
934 2399 986 2429 P:
1003 2399 1040 2428 T.
1052 2399 1084 2428 A
1159 2410 1200 2438 29
1220 2399 1357 2431 Lucius]
1374 2401 1409 2432 L.
1427 2401 1499 2431 ΑΡ

172 2437 253 2467 uiris
269 2437 358 2468 AP:
383 2439 509 2468 ueritus
531 2439 733 2469 Vas-cosanus
748 2452 754 2470 :
771 2441 900 2471 uiribus
917 2442 1095 2481 Biponlina
1117 2443 1160 2473 ed.
1177 2455 1183 2473 :
1209 2444 1296 2473 curis
1316 2443 1474 2475 Heinsius
1488 2455 1495 2474 ε

173 2480 224 2510 uir
236 2492 243 2518 ;
261 2481 288 2510 is
300 2481 447 2511 Lam-ent
459 2483 615 2520 :fortasse
626 2483 747 2515 Lucius
759 2484 869 2515 eidem
882 2490 1033 2516 maturus
1044 2491 1144 2525 esset,
1158 2487 1211 2516 uir
1222 2487 1249 2517 is
1262 2487 1314 2528 (sc.
1326 2487 1494 2527 Tiberius)

790 2544 851 2578 109
