1799 2864
718 248 886 286 LIBER
918 248 959 286 ΙΙ

175 360 418 411 agnoscitur:
452 361 552 400 adeo
582 368 718 398 natura
743 374 766 398 a
792 359 904 398 rectis
929 360 967 398 in
995 360 1098 405 uitia,
1121 373 1144 397 a
1175 359 1277 398 uitiis
1299 360 1336 398 in
1366 373 1496 410 praua,

175 440 197 463 a
220 426 345 475 prauis
366 425 404 463 in
425 424 650 474 praecipitia
669 424 903 474 peruenitur.
963 425 1104 462 eodem
1129 431 1251 462 tractu
1277 432 1497 473 temporum
1520 439 1533 459 2

177 500 213 528 ct
253 490 402 529 Domiti
441 503 487 528 ex
520 489 705 528 Aruernis
739 497 777 527 et
810 488 905 527 Fabi
939 503 986 527 ex
1019 489 1297 538 Allobrogibus
1336 489 1498 527 uictoria

176 555 246 592 fuit
287 553 456 601 nobilis;
500 553 622 592 Fabio
662 553 771 591 Pauli
816 553 949 602 nepoti
988 566 1034 591 ex
1073 552 1235 591 uictoria
1276 565 1498 601 cognomen

139 629 154 658 5
177 617 427 668 Allobrogico
453 618 632 657 inditum.
692 626 847 657 notetur
873 618 1070 657 Domitiae
1099 618 1268 656 familiae
1294 618 1498 667 peculiaris

116 953 153 974 10

176 684 370 732 quaedam
413 690 451 721 et
493 690 535 721 ut
578 682 799 729 clarissima,
842 682 895 720 ita
940 690 1062 720 artata
1109 695 1273 720 numero
1322 681 1494 720 felicitas.

176 759 232 786 v11
275 755 366 786 ante
409 749 514 786 hunc
562 747 828 786 nobilissimae
875 746 1133 797 simplicitatis
1180 747 1376 794 iuuenem,
1423 748 1494 786 Cn.

178 811 410 858 Domitium,
441 813 558 859 fuere,
591 812 786 861 †singulis
816 812 980 850 omnino
1009 811 1236 861 parentibus
1265 811 1396 861 geniti,
1428 813 1497 849 sed

175 891 312 916 omnes
354 878 405 915 ad
447 878 695 915 consulatum
738 877 1045 926 sacerdotiaque,
1089 878 1139 915 ad
1187 876 1497 926 triumphantum

175 955 299 991 paene
329 955 466 980 omnes
500 950 762 991 peruenerunt
793 942 968 992 insignia.

228 1008 381 1044 Bellum
402 1006 547 1045 deinde
565 1006 838 1056 Iugurthinum
865 1014 1018 1056 gestum
1045 1014 1102 1045 est
1129 1020 1197 1056 per
1218 1008 1266 1055 Q.
1291 1008 1497 1045 Metellum

174 1071 269 1109 nulli
295 1073 514 1110 secundum
541 1072 685 1110 saeculi
715 1071 783 1110 sui.
843 1072 958 1110 huius
988 1073 1135 1121 legatus
1163 1072 1233 1110 fuit
1261 1073 1304 1111 C.
1336 1072 1496 1113 Marius.

175 1150 292 1186 quem
313 1137 586 1187 praediximus,
602 1145 715 1175 natus
731 1137 900 1186 equestri
921 1139 1020 1184 loco,
1036 1137 1159 1175 hirtus
1179 1145 1297 1187 atque
1318 1137 1498 1176 horridus

174 1201 332 1251 uitaque
353 1209 521 1248 sanctus,
544 1209 735 1251 quantum
756 1202 860 1239 bello
887 1201 1070 1251 optimus,
1093 1209 1245 1239 tantum
1266 1215 1362 1251 pace
1383 1201 1501 1251 pessi-

175 1281 271 1314 mus,
312 1266 534 1305 inmodicus
571 1266 726 1316 gloriae,
763 1266 1002 1313 insatiabilis,
1037 1266 1231 1316 inpotens,
1267 1279 1500 1316 semperque

174 1331 382 1380 inquietus.
431 1330 496 1368 hic
516 1344 584 1380 per
603 1330 835 1379 publicanos
856 1330 1032 1380 aliosque
1052 1330 1091 1368 in
1113 1330 1244 1368 Africa
1264 1330 1499 1380 negotiantis

175 1395 400 1433 criminatus
433 1395 585 1433 Metelli
618 1395 905 1441 lentitudinem,
937 1394 1124 1433 trahentis
1158 1394 1234 1432 iam
1270 1394 1308 1432 in
1343 1394 1499 1433 tertium

174 1473 322 1498 annum
352 1460 510 1507 bellurn,
542 1468 579 1498 et
609 1461 823 1498 naturalem
854 1460 1067 1498 nobilitatis
1097 1459 1319 1509 superbiam
1351 1473 1501 1498 moran-

175 1525 295 1573 dique
328 1524 368 1562 in
402 1523 573 1573 imperiis
612 1524 867 1574 cupiditatem
902 1524 1029 1562 effecit
1063 1532 1115 1571 ut,
1152 1538 1241 1562 cum
1276 1532 1499 1562 commeatu

116 1603 129 1623 .‘
177 1589 298 1638 petito
338 1590 509 1626 Romam
548 1588 730 1635 uenisset,
767 1590 905 1627 consul
940 1596 1132 1627 crearetur
1170 1588 1341 1638 bellique
1375 1602 1500 1638 paene

176 1652 312 1702 patrati
341 1665 364 1690 a
395 1653 569 1699 MetellQ
596 1653 663 1702 qui
692 1652 751 1691 bis
783 1653 1012 1702 Iugurtham
1041 1652 1124 1690 acie
1152 1654 1315 1699 fuderat,
1347 1666 1501 1690 summa

174 1716 482 1756 committeretur
502 1717 585 1755 sibi.
646 1717 797 1755 Metelli
818 1725 949 1755 tamen
971 1725 1008 1755 et
1032 1717 1251 1766 triumphus
1277 1716 1349 1755 fuit
1376 1716 1501 1755 claris-

174 1782 294 1820 simus
323 1789 362 1820 et
391 1781 572 1820 meritum
592 1783 671 1820 eius
686 1783 789 1831 fidei
814 1781 1025 1831 uirtutique
1048 1795 1270 1831 cognomen
1298 1781 1501 1819 Numidici

224 1896 237 1916 1
257 1890 375 1916 natura
387 1886 419 1916 A
438 1897 444 1916 :
469 1891 596 1916 mature
613 1887 654 1924 P,
672 1886 709 1925 cs.
729 1886 747 1916 i.
764 1896 811 1925 17.
829 1887 850 1916 6
954 1886 1060 1917 aadd.
1074 1886 1107 1916 P
1156 1897 1221 1916 om.
1235 1886 1267 1915 A
1349 1885 1444 1916 Sterk
1458 1886 1503 1915 sic

179 1930 408 1968 transponebat
432 1940 450 1959 a
479 1930 580 1960 rectis
608 1930 641 1959 in
672 1940 785 1970 praua,
811 1941 830 1960 a
860 1931 973 1968 prauis
1001 1930 1033 1959 in
1060 1931 1149 1969 uitia,
1177 1941 1195 1960 a
1227 1930 1316 1960 uitiis
1348 1929 1380 1959 in
1407 1940 1439 1968 p.
1465 1940 1497 1968 p.

177 1984 195 2009 3
214 1973 351 2003 Domitii
369 1973 438 2002 ΑΡ
526 1973 635 2003 Fabiis
652 1973 684 2003 A
802 1984 820 2011 4
840 1973 944 2004 Fauio
960 1973 993 2003 A
1116 1983 1134 2012 5
1157 1975 1275 2004 no&ur
1294 1972 1445 2012 (noetur)
1464 1973 1497 2002 A

177 2017 242 2046 filia
255 2017 287 2046 A
369 2016 546 2055 peculiaris
562 2022 724 2056 suprascr.
744 2017 909 2056 pecularis
927 2017 958 2047 A
1086 2019 1106 2047 6
1122 2022 1250 2047 arctata
1262 2017 1293 2046 A
1379 2016 1446 2046 foel.
1464 2017 1497 2045 A

179 2070 194 2098 7
216 2070 264 2090 vu
278 2059 390 2090 Aldus
403 2063 429 2089 el
440 2060 600 2099 Szgonius
611 2072 620 2090 .·
645 2061 682 2098 cf.
697 2060 788 2091 Suet.
801 2060 876 2090 Ner.
892 2070 905 2090 1
921 2072 927 2092 :
949 2060 996 2091 uti
1007 2060 1076 2090 ΑΡ
1086 2060 1115 2090 h.
1128 2071 1152 2091 e.
1164 2059 1238 2090 VT1
1321 2060 1341 2089 8
1358 2060 1500 2097 singulis

175 2104 260 2134 AF:
286 2104 407 2141 singuli
427 2104 514 2142 Lips.
535 2107 564 2133 el
583 2104 727 2143 Maduzg
746 2104 888 2134 Aduers.
911 2104 941 2135 ii.
965 2114 1025 2143 301
1046 2108 1126 2135 not.:
1161 2104 1221 2134 Cn.
1245 2103 1381 2133 Domitii
1406 2103 1499 2133 fuere

176 2147 298 2185 singuli
324 2157 440 2176 omnes
465 2157 497 2185 p.
520 2157 552 2185 g.
575 2147 735 2187 Pluygers
886 2158 908 2186 9
931 2148 1194 2185 triumphantum
1219 2147 1351 2185 scrz'pSz':
1384 2146 1498 2176 trium-

177 2191 332 2230 phantem
349 2190 380 2219 A
395 2202 401 2221 ε
427 2190 584 2230 triumphi
601 2196 714 2221 autem
726 2191 759 2220 P
891 2200 927 2220 11
950 2201 1011 2231 per
1027 2190 1067 2229 Q.
1088 2191 1251 2220 Ruhnken
1267 2202 1273 2220 :
1303 2200 1429 2228 perque
1446 2189 1498 2220 P:

174 2238 304 2273 pq3qu‘e
335 2234 405 2267 (sid
432 2233 464 2262 A
602 2244 640 2272 13
669 2234 817 2273 equestri
841 2234 926 2266 AP:
960 2234 1084 2273 agresti
1114 2235 1215 2264 Voss:
1247 2233 1395 2272 equestri
1423 2243 1498 2262 cum

177 2277 366 2317 Pluygersio
391 2278 511 2306 retinui
617 2287 656 2315 15
680 2277 894 2316 infatigabilis
922 2277 1060 2308 Cludz'us
1147 2287 1286 2316 semque
1309 2276 1341 2306 A
1459 2276 1498 2305 18

178 2320 444 2358 immorandique
477 2320 634 2350 Heinsius
667 2325 695 2351 et
727 2321 858 2360 Bentley
945 2322 1013 2351 iam
1047 2321 1228 2351 Rhenanus
1260 2321 1293 2350 in
1329 2329 1435 2359 marg.
1467 2319 1502 2349 P

178 2364 281 2394 ‘alias
301 2363 586 2402 immorandique’
733 2374 771 2394 21
798 2365 830 2393 in
855 2364 926 2394 acie
943 2364 988 2402 A,
1012 2364 1190 2394 ‘dicebatur
1208 2367 1236 2393 el
1259 2364 1329 2393 acie
1354 2363 1496 2392 sundere

180 2408 329 2437 ‘uincere
345 2410 411 2439 etc.)
431 2410 460 2436 et
475 2407 509 2437 in
526 2407 618 2443 acie;
642 2407 725 2438 illud
738 2411 847 2438 tamen
862 2411 908 2438 cst
924 2407 1237 2447 mulloflz'quentz'us
1248 2407 1256 2418 ¹
1272 2406 1380 2436 Halm
1455 2415 1497 2444 23

176 2451 332 2481 meritum
356 2455 389 2480 et
414 2452 494 2489 (om.
518 2450 561 2489 P)
587 2451 772 2489 uirtutique
795 2450 884 2481 AF:
917 2461 958 2482 m.
983 2451 1056 2482 eius
1081 2449 1159 2482 fidei
1189 2450 1355 2481 Thomas:
1379 2448 1496 2480 uirtuti

174 2503 309 2533 quoque
326 2493 495 2533 Heinsius,
512 2504 595 2524 num
611 2504 653 2524 ex
671 2494 847 2525 uirtutibus
865 2496 1022 2534 quoque?

846 2602 884 2632 ³9

1518 1019 1552 1045 11
