1799 2864
454 213 514 249 IN
543 213 834 249 VELLEIVM
867 212 1244 249 PATERCVLVM

194 322 249 354 Ex
279 322 335 355 his
363 328 557 366 postquam
585 333 606 355 a
640 321 767 365 Pighio
796 323 890 356 Ann.
919 321 967 355 iii.
1000 323 1065 364 538
1092 322 1162 364 (ed.
1195 320 1350 363 Scliott)‚
1386 333 1511 355 uerum

193 390 325 412 nomen
354 379 476 412 Vibius
492 380 693 412 Postumus
710 385 854 412 erutum
872 385 926 412 est
948 378 1045 420 (uide
1066 379 1172 412 Dion.
1189 380 1229 413 C.
1247 380 1299 422 56.
1323 387 1360 422 15
1381 392 1388 420 3
1416 378 1513 412 Flos.

192 436 237 471 iv,
261 447 310 471 12.
334 438 388 477 11)
420 443 538 469 totum
569 436 689 469 locum
716 435 870 469 Vossius
898 435 950 469 sic
978 436 1209 470 emendauit:
1250 437 1378 470 celebri
1401 438 1511 470 etiam

191 497 300 538 opera
324 494 565 538 diligentfqlce
594 493 719 526 Vibius
744 493 944 526 Postumus
969 494 1032 526 uir
1054 493 1259 526 consularis
1277 495 1514 538 prcupOsitus

190 552 400 585 Delmatiae
425 555 642 584 ornamenta
668 553 804 584 meruit
831 550 1099 595 triumphalia:
1137 550 1246 595 idque
1273 551 1307 585 in
1332 551 1513 585 editiones

189 615 375 653 receptum
394 615 459 642 est.

240 667 344 699 Haec
362 677 383 700 a
401 665 541 700 Velleio
570 665 622 700 sic
643 665 855 709 prouenisse
873 665 952 709 quis
971 665 1176 709 spondeat?
1213 666 1311 698 Nam
1331 665 1512 698 ablatiuos

189 723 305 768 qualis
324 723 384 757 hic
409 730 464 757 est
494 724 624 757 celebri
644 725 754 756 etiam
780 726 890 768 opera
914 729 1013 757 amat
1041 723 1219 765 absolute,
1246 723 1345 767 quod
1370 722 1512 765 dicitur,

190 791 336 824 ponere,
357 779 569 824 praesertim
589 787 763 825 sequente
783 781 878 814 unde
898 781 1083 824 pendeant
1095 780 1278 823 genetiuo.
1317 780 1425 813 Velut
1446 781 1514 813 hoc

192 838 228 871 in
249 839 328 871 loco
348 839 457 872 credo
477 838 656 872 Velleium
676 838 727 872 sic
746 838 866 882 potius
885 838 1096 882 scripsisse:
1128 838 1257 871 celebri
1277 840 1386 871 etium
1405 840 1514 882 opem

187 896 455 940 diligentiaque
482 897 560 930 Vibi
575 898 753 930 Postumi.
804 898 843 931 Is
868 899 931 930 uir
955 897 1160 930 annularis
1170 898 1407 941 praepositus
1423 896 1514 929 Del-

189 956 324 987 matiae
341 959 559 988 ornamenta
577 957 712 988 meruit
727 954 985 999 triumphalia.

238 1013 348 1046 Falso
368 1013 523 1047 Orellius
542 1013 692 1048 tradidit
711 1020 898 1058 tamquam
918 1025 961 1047 ex
980 1012 1275 1047 Amerbachiano
1299 1013 1513 1056 apographo

187 1071 279 1113 quin
306 1072 466 1114 positus.
534 1071 642 1113 Quod
678 1070 942 1105 Amerbachius
979 1070 1120 1114 scripsit
1160 1082 1255 1114 quae
1284 1072 1432 1114 positus
1471 1082 1514 1103 ex

188 1128 403 1171 permutatis
429 1140 452 1173 q
478 1140 501 1172 p
529 1136 648 1162 ortum
675 1129 838 1162 uidetur:
878 1128 1112 1162 scribendum
1137 1134 1192 1162 est
1211 1130 1450 1172 praepositus
1475 1135 1513 1162 ut

185 1190 239 1218 est
258 1184 292 1218 in
312 1185 355 1219 P.

234 1243 334 1285 1163
363 1242 416 1275 uir
450 1242 695 1287 antiquissimi
730 1243 840 1277 moris
875 1250 910 1277 et
945 1243 1103 1287 priscam
1138 1243 1371 1277 seueritatem
1406 1255 1516 1287 super

187 1298 415 1333 humanitate
435 1306 643 1344 temperans
663 1299 696 1334 in
718 1301 918 1334 Germania
940 1300 1157 1345 Illyricoque
1175 1307 1210 1334 et
1230 1312 1313 1333 mox
1338 1300 1372 1334 in
1390 1300 1515 1335 Africa

186 1355 495 1399 splendidissimis
535 1357 681 1391 functus
722 1356 931 1391 ministeriis
971 1369 1044 1391 non
1084 1357 1214 1391 merito
1255 1358 1319 1391 sed
1360 1358 1515 1391 materia

187 1413 398 1491 zizipiscendi
421 1447 498 1489 (sic)
518 1448 751 1492 triumphalia
770 1450 932 1483 defectus
951 1456 1016 1484 est.
1035 1449 1086 1484 A.

234 1518 380 1550 semper
397 1506 622 1540 humanitate
642 1507 684 1540 l).
781 1506 1010 1550 adipiscendi
1029 1508 1072 1541 P.

237 1565 355 1598 Multo
382 1563 627 1608 praestantius
653 1571 707 1598 est
728 1565 826 1609 quod
845 1565 995 1600 Amerb.
1017 1565 1117 1599 dedit
1135 1567 1247 1609 super
1262 1565 1295 1599 h.
1309 1577 1338 1599 e.
1358 1564 1513 1599 adiecta.

188 1623 278 1656 Stat.
299 1623 335 1656 S.
351 1621 398 1656 iii.
415 1632 446 1664 3.
460 1622 504 1655 68
524 1623 635 1654 uum's
652 1623 772 1654 multa
789 1625 902 1665 super
917 1623 1038 1655 indole
1056 1624 1173 1663 uictis,
1194 1634 1275 1656 cum
1295 1622 1514 1656 adulescen-

186 1680 276 1714 tiam
296 1678 425 1713 Claudi
451 1678 558 1712 insita
583 1678 709 1720 uirtus,
729 1690 800 1723 qua
825 1679 973 1723 insuper
997 1680 1175 1721 utebatur,
1205 1679 1325 1722 ingeni
1354 1679 1516 1713 uinceret

188 1737 581 1782 praeponderaretque.
619 1738 723 1770 Lucr.
743 1736 788 1770 iii.
807 1737 873 1778 672
896 1737 975 1770 Cur
989 1740 1101 1781 super
1116 1741 1202 1770 ante
1219 1741 1338 1770 actum
1360 1740 1514 1769 aetatem

187 1797 391 1829 meminisse
415 1797 608 1838 nequimus
622 1796 640 1828 ,9
674 1795 695 1829 i.
720 1795 787 1837 648
813 1797 848 1828 si
864 1798 996 1839 jurrtes
1022 1797 1122 1840 [guis
1146 1795 1296 1829 eandem
1323 1796 1514 1828 Mzturam

187 1864 298 1897 quam
317 1857 415 1886 totus
440 1852 545 1885 scobes
568 1855 680 1896 super
703 1854 800 1897 [gruis
826 1853 1008 1886 haberent.
1058 1853 1153 1886 Vide
1174 1853 1323 1887 Lachm.
1343 1853 1390 1886 ad
1411 1854 1515 1886 Lucr.

187 1910 230 1945 vi.
252 1919 328 1954 514.

239 1970 328 2002 Mox
346 1970 464 2012 ‹zpisci
486 1968 606 2012 potius
632 1980 742 2013 quam
769 1968 927 2012 adipisci
950 1969 1144 2002 redderem
1162 1968 1312 2010 Velleio,
1340 1967 1409 2002 nisi
1435 1968 1516 2001 adi-

182 2028 281 2071 pisci
304 2027 467 2060 uiderem
494 2026 606 2060 etiam
633 2027 680 2060 ab
707 2027 954 2060 Amerbachio
981 2026 1156 2071 scriptum
1184 2026 1216 2061 ii.
1243 2035 1273 2068 7.
1304 2036 1329 2061 1.
1381 2028 1515 2070 Neque

190 2084 271 2119 ideo
298 2091 422 2119 tamen
447 2090 546 2118 certa
571 2096 629 2118 res
655 2091 731 2118 est:
759 2096 844 2117 nam
871 2091 907 2118 et
935 2085 1099 2119 Catullus
1129 2085 1263 2128 adepta
1282 2084 1349 2126 bis,
1369 2084 1439 2118 lxii.
1463 2093 1517 2126 57,

189 2142 272 2176 lxvi.
308 2151 363 2184 27,
398 2143 516 2186 apisci
548 2142 660 2175 semel
697 2141 778 2176 lxiv.
818 2150 878 2185 145
916 2142 1116 2186 usurpauit.
1183 2142 1258 2176 Sed
1296 2141 1426 2175 mirum
1462 2149 1517 2175 est

190 2199 289 2244 quod
320 2199 355 2233 in
383 2210 425 2232 eo
453 2210 560 2232 uersu
592 2198 725 2233 Catulli
750 2206 876 2233 eontra
905 2207 1063 2233 metrum
1089 2207 1124 2233 et
1153 2200 1267 2233 codex
1296 2199 1517 2233 Oxoniensis

190 2257 302 2290 habet
340 2256 505 2300 adipisci,
544 2262 579 2290 et
622 2256 658 2289 in
698 2256 942 2290 Germanensi
978 2264 1063 2291 ante
1099 2258 1217 2301 apisci
1254 2256 1371 2290 maius
1412 2256 1518 2290 solito

191 2313 351 2358 spatium
377 2319 442 2355 est,
466 2320 503 2347 ut
521 2312 633 2347 erasis
659 2313 801 2347 duabus
828 2313 958 2347 litteris
985 2314 1084 2358 prius
1107 2314 1272 2348 uideatur
1297 2313 1410 2348 fuisse
1436 2314 1517 2347 adi-

183 2372 291 2415 pisci.
336 2370 538 2405 Vaticanus
560 2372 648 2414 1829
666 2382 774 2416 quem
793 2383 875 2405 cum
896 2372 964 2406 GO
982 2372 1273 2416 comparandum
1293 2371 1386 2406 duco
1406 2372 1517 2406 habet

193 2430 319 2474 apisci.

827 2496 886 2533 183
