1799 2864
659 225 864 262 VELLEI
896 223 1213 262 PATERCVLI

276 338 419 376 habere
440 350 558 386 quam
579 335 798 374 Antonium
819 334 1046 385 principem,
1069 342 1221 372 tantum
1245 333 1437 372 retulisset
1457 333 1600 372 habere

239 418 255 448 3
276 405 440 442 Brutum
479 415 595 452 quam
636 400 827 441 Cassium.
887 401 959 439 Cn.
994 398 1202 445 Domitius,
1234 407 1342 448 pater
1376 400 1418 436 L.
1450 397 1599 436 Domiti

274 481 399 518 nuper
427 481 450 505 a
478 466 592 505 nobis
616 465 701 513 uisi,
730 464 1061 504 eminentissimae
1089 477 1136 502 ac
1162 463 1428 502 nobilissimae
1458 462 1601 512 simpli-

275 532 399 570 citatis
448 531 531 578 uiri,
571 544 668 568 auus
712 529 827 568 huius
871 530 942 568 Cn.
987 528 1148 575 Domiti,
1191 527 1391 566 clarissimi
1433 526 1597 573 iuuenis,

274 596 474 646 occupatis
519 595 686 633 nauibus
734 607 823 632 cum
863 606 1005 642 magno
1044 592 1291 642 sequentium
1330 591 1492 630 consilia
1530 604 1599 629 sua

275 661 462 700 comitatu
492 661 606 709 fugae
639 661 896 707 fortunaeque
927 671 968 695 se
1002 657 1208 704 commisit,
1240 666 1363 695 semet
1394 656 1479 706 ipso
1509 670 1598 695 con-

236 746 257 774 4
275 735 404 765 tentus
425 727 526 764 duce
546 724 724 774 partium.
766 722 909 761 Statius
927 724 1100 769 Murcus,
1119 722 1185 771 qui
1207 722 1318 760 classi
1339 731 1376 760 et
1397 721 1598 760 custodiae

275 790 390 828 maris
417 790 644 839 praefuerat,
667 801 757 825 cum
788 786 897 825 omni
928 786 1138 824 commissa
1169 786 1241 824 sibi
1272 795 1379 835 parte
1410 785 1599 824 exercitus

275 854 515 903 nauiumque
563 854 647 891 Sex.
690 850 934 901 Pompeium,
976 851 1047 889 Cn.
1095 849 1231 899 Magni
1274 849 1408 896 filium,
1449 850 1515 899 qui
1555 863 1600 888 ex

237 933 254 963 5
277 918 472 969 Hispania
500 926 698 956 reuertens
730 916 901 955 Siciliam
931 915 1047 953 armis
1077 923 1348 964 occupauerat,
1371 914 1490 964 petiit.
1549 916 1599 953 ad

275 998 392 1034 quem
425 992 462 1022 et
494 996 514 1021 e
547 981 741 1020 Brutianis
774 980 906 1019 castris
938 988 975 1018 et
1007 993 1052 1018 ex
1083 979 1195 1017 Italia
1223 979 1385 1028 aliisque
1415 987 1599 1017 terrarum

275 1049 459 1100 partibus,
492 1061 591 1098 quos
622 1045 815 1097 praesenti
847 1045 1019 1095 periculo
1049 1046 1204 1083 fortuna
1237 1044 1484 1090 subduxerat,
1517 1057 1601 1094 pro-

276 1114 406 1164 scripti
446 1113 724 1151 confluebant:
779 1110 925 1160 quippe
973 1111 1125 1147 nullum
1172 1108 1409 1147 habentibus
1457 1116 1598 1146 statum

276 1178 440 1228 quilibet
478 1179 557 1215 dux
595 1184 675 1214 erat
713 1175 890 1221 idoneus,
932 1188 1021 1212 curn
1056 1175 1211 1212 fortuna
1248 1187 1329 1211 non
1368 1172 1600 1211 electionem

275 1245 395 1290 daret,
444 1241 663 1292 perfugium
715 1242 949 1286 ostenderet,
999 1239 1272 1288 exitialemque
1328 1245 1600 1287 tempestatem

275 1307 513 1358 fugientibus
534 1306 648 1345 statio
668 1319 738 1355 pro
759 1313 873 1355 portu
893 1306 1000 1343 foret.

208 1385 257 1423 73
332 1372 413 1410 Hic
459 1373 691 1410 adulescens
733 1378 813 1408 erat
851 1369 989 1408 studiis
1028 1368 1145 1415 rudis,
1186 1381 1365 1406 sermone
1405 1368 1601 1413 barbarus,

276 1437 424 1487 impetu
477 1445 667 1482 strenuus,
717 1449 836 1473 manu
887 1442 1101 1484 promptus,
1149 1433 1319 1483 cogitatu
1365 1434 1475 1479 celer,
1526 1434 1604 1471 fide

276 1501 373 1552 patri
395 1500 687 1547 dissimillimus,
710 1499 937 1537 libertorum
959 1512 1118 1536 suorum
1142 1498 1302 1536 libertus
1323 1510 1604 1547 seruorumque

241 1581 421 1614 2seruus,
462 1565 648 1616 speciosis
686 1564 879 1611 inuidens,
920 1572 961 1602 ut
999 1571 1149 1613 pareret
1186 1562 1437 1601 humillimis:
1485 1575 1602 1612 quem

276 1640 432 1670 senatus
454 1644 578 1681 paene
599 1638 703 1669 totus
723 1631 854 1668 adhuc
880 1643 900 1667 e
933 1628 1183 1678 Pompeianis
1215 1636 1399 1666 constans
1430 1627 1603 1677 partibus

276 1705 365 1746 post
385 1696 534 1734 Antoni
554 1709 577 1733 a
598 1694 755 1732 Mutina
774 1695 904 1743 fugam
926 1695 1067 1732 eodem
1088 1693 1155 1731 illo
1175 1701 1362 1742 tempore,
1381 1705 1460 1741 quo
1482 1694 1604 1730 Bruto

276 1761 494 1810 Cassioque
514 1759 789 1798 transmarinas
810 1757 1030 1808 prouincias
1052 1759 1287 1803 decreuerat,
1310 1764 1537 1795 reuocatum
1559 1770 1604 1794 ex

278 1824 483 1874 Hispania,
524 1823 592 1862 ubi
630 1824 818 1861 aduersus
857 1836 947 1860 eum
987 1821 1243 1860 clarissimum
1282 1821 1428 1859 bellum
1478 1820 1604 1859 Pollio

276 1889 435 1928 Asinius
467 1888 681 1939 praetorius
714 1895 894 1937 gesserat,
928 1887 967 1924 in
996 1895 1157 1936 paterna
1187 1887 1291 1924 bona
1320 1885 1537 1924 restituerat
1567 1893 1604 1923 et
1646 1904 1660 1933 ς

238 1968 255 1996 3
276 1968 366 1992 orae
396 1953 612 1991 maritimae
641 1953 886 2002 praefecerat.
946 1951 977 1989 is
1007 1959 1102 1997 turn,
1124 1959 1166 1988 ut
1195 1949 1469 2000 praediximus,
1492 1963 1604 1987 occu-

277 2027 367 2069 pata
398 2018 527 2057 Sicilia
558 2017 714 2056 seruitia
743 2016 1007 2067 fugitiuosque
1034 2015 1073 2053 in
1100 2029 1307 2053 numerum
1329 2014 1518 2053 exercitus
1545 2014 1603 2052 sui

323 2132 336 2152 1
365 2122 440 2152 relit
457 2121 525 2161 del„
544 2120 615 2150 dein
632 2120 802 2150 retulisset
825 2119 859 2149 A
1022 2127 1042 2147 2
1055 2121 1082 2147 et
1098 2129 1117 2156 4
1136 2117 1258 2147 Domiti
1276 2116 1347 2146 ΑΡ
1497 2127 1517 2155 3
1541 2117 1603 2146 uisi

276 2171 373 2205 super
402 2175 554 2194 rasuram
585 2164 618 2193 in
643 2162 677 2193 A
831 2173 847 2201 7
874 2162 1000 2193 Statius
1031 2162 1187 2191 Vrsinus:
1213 2161 1328 2191 Status
1353 2159 1412 2189 A:
1437 2160 1550 2190 Staius
1575 2159 1608 2189 P

277 2219 391 2239 murus
409 2208 478 2247 del„
499 2207 570 2238 dein
587 2206 764 2237 murcusA
868 2207 887 2236 8
912 2209 1047 2245 preerat
1064 2204 1134 2239 del„
1155 2204 1224 2234 dein
1239 2203 1416 2243 psueratA
1508 2213 1602 2233 exer-

277 2253 363 2282 citus
390 2252 554 2282 Gelemus:
584 2250 735 2281 exercitu
758 2249 829 2279 ΑΡ
965 2259 986 2287 9
1011 2249 1079 2279 Sex
1102 2248 1135 2277 A
1259 2258 1298 2277 10
1322 2247 1417 2286 petiit
1437 2246 1602 2277 Gelenius:

278 2296 361 2335 petit
379 2294 451 2325 ΑΡ
544 2295 586 2324 ad
603 2304 703 2333 quem
721 2298 754 2323 et
771 2304 789 2323 e
806 2293 856 2323 P:
889 2293 998 2331 adque
1024 2302 1076 2321 me
1097 2291 1124 2321 T
1145 2301 1162 2321 e
1185 2290 1237 2321 B:
1270 2295 1371 2329 atque
1398 2300 1449 2320 me
1473 2290 1501 2319 T
1525 2300 1543 2319 e
1566 2290 1599 2319 A

280 2349 317 2377 13
341 2339 454 2369 statim
479 2338 612 2377 Lipsius
643 2337 700 2366 uix
723 2336 935 2376 probabiliter,
963 2335 1001 2374 qs.
1028 2334 1143 2364 Nova'k
1153 2339 1187 2374 p.
1209 2344 1248 2372 97
1397 2343 1432 2371 17
1459 2333 1550 2363 rudis
1575 2333 1603 2363 is

277 2392 434 2413 sermone
448 2382 479 2411 A
506 2381 599 2411 Num
612 2381 645 2410 in
656 2382 833 2411 sermone?
927 2380 965 2409 18
988 2383 1170 2409 strennuus
1183 2377 1215 2407 A
1281 2377 1426 2416 cogitatu
1444 2376 1601 2416 Schgffer:

278 2426 446 2464 cogitatur
469 2424 555 2456 AP:
603 2424 807 2463 cogitatione
838 2423 1043 2453 Rhenanus:
1086 2421 1268 2460 cogitando
1298 2420 1406 2450 Halm
1561 2430 1602 2449 20

279 2469 458 2500 humilimis
475 2468 507 2497 A
643 2478 684 2497 22
708 2467 836 2497 antonii
854 2467 885 2496 A
907 2466 1065 2496 mutinam
1083 2465 1123 2504 B,
1143 2476 1202 2495 em.
1222 2464 1347 2495 Burer:
1375 2464 1601 2494 Antonianam

278 2512 350 2543 ΑΡ
478 2513 522 2542 26
546 2512 643 2541 istum
660 2510 731 2541 ΑΡ

924 2562 963 2592 88

1625 931 1662 952 10

1624 1576 1663 1596 20
