1799 2864
644 227 848 263 VELLEI
883 227 1196 266 PATERCVLI

189 343 229 379 14
307 337 411 374 Tum
432 348 647 375 conuersus
669 336 786 375 Drusi
806 337 972 384 animus,
995 338 1156 386 quando
1177 337 1278 375 bene
1299 337 1455 386 incepta
1478 337 1579 375 male

252 401 457 448 cedebant,
479 402 529 439 ad
551 402 723 439 dandam
750 401 949 439 ciuitatem
973 402 1130 440 Italiae:
1161 403 1269 451 quod
1297 415 1386 440 cum
1412 401 1577 439 moliens

253 465 470 503 reuertisset
509 479 530 503 e
568 467 664 512 foro,
704 465 883 503 inmensa
921 465 985 503 illa
1023 474 1061 504 et
1099 466 1311 513 incondita,
1347 479 1448 515 quae
1486 479 1577 504 eum

250 543 403 579 semper
441 530 712 577 comitabatur,
752 530 903 568 cinctus
942 530 1192 569 multitudine
1230 530 1269 568 in
1308 544 1396 569 area
1434 531 1577 568 domus

250 607 342 632 suae
369 596 528 632 cultello
554 607 772 643 perCUSSUS,
795 594 862 643 qui
891 595 1042 632 adfixus
1072 595 1179 633 lateri
1209 594 1291 633 eius
1321 595 1475 633 relictus
1505 602 1574 641 est,
1598 607 1613 637 5

214 669 228 689 2
249 659 348 697 intra
386 672 530 708 paucas
564 659 679 696 horas
713 658 891 696 decessit.
952 660 1021 696 sed
1056 672 1146 696 cum
1180 659 1361 697 ultimum
1396 660 1575 697 redderet

248 723 436 771 spiritum,
468 723 624 761 intuens
659 722 994 760 circumstantium
1029 723 1366 772 maerentiumque
1400 725 1575 773 frequen-

247 787 352 834 tiam,
383 787 520 825 effudit
550 800 691 825 uocem
721 786 1135 825 conuenientissimam
1165 787 1428 826 conscientiae
1457 801 1573 826 suae:

247 853 518 901 ecquandone,
540 851 678 901 inquit,
700 851 910 901 propinqui
930 851 1136 901 amicique,
1159 851 1325 890 similem
1347 851 1424 890 mei
1444 851 1571 889 ciuem

209 929 225 959 3
247 916 407 954 habebit
427 930 487 955 res
507 916 694 966 publica?
750 918 855 954 hunc
880 918 998 954 finem
1026 916 1261 955 clarissimus
1288 916 1441 955 iuuenis
1468 917 1572 954 uitae
1595 931 1634 953 10

247 981 404 1019 habuit:
435 981 545 1020 cuius
566 995 720 1020 morum
741 981 903 1020 minime
924 981 1124 1020 omittatur
1143 989 1427 1031 argumentum.
1481 995 1571 1020 cum

245 1046 467 1084 aedificaret
505 1047 669 1084 domum
703 1046 742 1084 in
778 1046 927 1085 Palatio
965 1046 1004 1084 in
1043 1060 1091 1084 eo
1129 1047 1228 1093 loco,
1269 1046 1337 1084 ubi
1376 1054 1433 1084 est
1472 1059 1572 1095 quae

245 1112 447 1160 quondam
465 1111 678 1158 Ciceronis,
693 1125 784 1150 mox
801 1111 1007 1150 Censorini
1023 1111 1105 1158 fuit,
1122 1125 1227 1150 nunc
1243 1111 1367 1150 Statili
1383 1111 1572 1150 Sisennae

245 1185 312 1222 est,
335 1176 657 1226 promitteretque
677 1176 712 1214 ei
738 1176 983 1223 architectus,
1007 1176 1059 1214 ita
1085 1190 1126 1215 se
1150 1190 1237 1215 eam
1260 1176 1568 1222 aedificaturum,

244 1249 285 1278 ut
312 1240 409 1279 liber
434 1254 458 1278 a
483 1248 698 1290 conspectu
725 1240 977 1291 inmunisque
1002 1242 1052 1279 ab
1082 1241 1266 1280 omnibus
1293 1241 1444 1280 arbitris
1469 1250 1570 1280 esset
1595 1256 1630 1285 ¹5

245 1319 372 1355 neque
393 1305 601 1355 quisquam
628 1305 669 1343 in
699 1319 785 1344 eam
815 1306 1016 1356 despicere
1045 1314 1188 1355 posset,
1220 1314 1261 1344 tu
1292 1319 1396 1353 uero,
1428 1306 1566 1356 inquit,

243 1371 273 1407 si
294 1370 390 1419 quid
410 1370 450 1408 in
477 1378 515 1408 te
540 1370 631 1409 artis
652 1378 720 1418 est,
743 1371 796 1408 ita
816 1384 1012 1420 compone
1032 1372 1197 1409 domum
1222 1384 1361 1418 meam,
1384 1379 1437 1418 ut,
1460 1371 1570 1421 quid-

241 1435 337 1485 quid
356 1448 480 1485 agam,
503 1436 553 1474 ab
574 1435 758 1474 omnibus
779 1436 945 1485 perspici
966 1436 1098 1486 possit.
1150 1434 1215 1488 [In
1236 1436 1386 1485 legibus
1401 1436 1569 1475 Gracchi

241 1500 339 1538 inter
358 1500 688 1550 perniciosissima
703 1501 949 1548 numerarim,
968 1503 1076 1551 quod
1097 1509 1202 1540 extra
1218 1501 1372 1539 Italiam
1393 1501 1568 1541 colonias

243 1566 380 1615 posuit.
440 1566 481 1604 id
507 1566 684 1613 maiores,
711 1580 801 1604 cum
831 1567 1010 1605 uiderent
1037 1574 1146 1605 tanto
1173 1566 1434 1616 potentiorem
1461 1569 1567 1617 Tyro
1589 1579 1629 1600 ²0

241 1631 530 1681 Carthaginem,
555 1631 771 1670 Massiliam
794 1633 984 1678 Phocaea,
1008 1634 1215 1681 Syracusas
1237 1632 1440 1678 Corintho,
1460 1632 1566 1682 Cyzi-

240 1710 329 1733 cum
350 1709 396 1734 ac
418 1696 648 1746 Byzantium
666 1697 817 1743 Mileto,
835 1697 992 1747 genitali
1013 1699 1109 1745 solo,
1128 1697 1332 1747 diligenter
1348 1697 1565 1736 uitauerant

288 1810 300 1828 1
327 1800 463 1838 quando
482 1799 544 1840 ((ῙἝ
557 1799 608 1839 A)
626 1799 704 1840 ΑΡ,
724 1800 760 1839 cf.
778 1809 829 1838 52.
846 1801 866 1829 6
934 1801 1067 1839 incepta
1083 1800 1115 1829 A
1134 1811 1141 1830 z
1165 1805 1285 1840 coepta
1301 1799 1334 1829 P
1430 1811 1449 1830 2
1466 1801 1563 1831 cade-

241 1843 320 1872 bant
336 1842 470 1883 Lz'pSt'us
586 1853 605 1881 3
630 1843 721 1874 imm.
738 1843 809 1873 ΑΡ
873 1844 1045 1891 incognita
1061 1843 1138 1884 ΑΡ,
1161 1854 1219 1875 em.
1240 1843 1412 1873 Am'dalius
1477 1854 1563 1883 quae

240 1929 314 1949 eum
326 1918 359 1948 P
369 1930 376 1949 :
398 1925 467 1958 que
483 1894 652 1958 qquugegffig
663 1919 696 1949 A
715 1919 782 1960 (sic)
874 1932 893 1960 4
916 1892 1102 1952 &is-m
1114 1920 1146 1950 A
1165 1920 1233 1961 (sic)
1306 1930 1385 1950 area
1401 1926 1560 1960 suprascr.

238 1975 323 2005 atrio
340 1974 372 2003 A
390 1985 397 2004 z
421 1974 550 2005 atrioP
646 1985 665 2014 5
690 1985 872 2014 percussus
887 1980 942 2006 eet
957 1975 989 2006 A
1010 1975 1078 2017 (sic)
1183 1977 1203 2005 8
1225 1971 1475 2010 &scientiaefl
1493 1977 1563 2015 (sic)

238 2029 258 2056 9
282 2019 458 2056 ecquando
483 2029 525 2048 ne
549 2017 600 2048 P:
631 2023 665 2048 et
687 2021 733 2057 ῆῖι
758 2029 800 2048 ne
823 2019 855 2048 A
1004 2029 1042 2049 12
1066 2020 1203 2050 domum
1226 2018 1317 2048 BA:
1349 2019 1510 2058 templum
1533 2019 1568 2049 P

245 2070 278 2099 [5
297 2061 401 2091 libera
418 2072 437 2091 a
450 2061 526 2101 ΑΡ
541 2072 604 2092 em.
622 2062 770 2092 Frb'lzliclz
860 2063 1083 2102 immunisque
1101 2065 1130 2093 &
1147 2063 1188 2092 ab
1205 2062 1359 2092 omnibus
1374 2063 1563 2093 hominibus

239 2109 330 2135 esset
346 2104 379 2134 A
398 2108 427 2135 et
444 2106 495 2139 sic
513 2116 579 2135 om.
599 2108 640 2144 δι,
657 2105 709 2136 P:
733 2106 753 2136 i.
771 2105 812 2136 ab
829 2116 859 2136 ο.
878 2107 1013 2136 arbitris
1035 2117 1065 2136 e.
1081 2106 1135 2137 B:
1159 2106 1200 2136 ab
1218 2106 1366 2136 omniurn
1383 2106 1563 2137 luminibus

239 2147 327 2177 Price
346 2148 393 2178 ad
408 2147 534 2188 Apulei
551 2148 679 2188 Apolqs
667 2150 753 2179 triam
766 2154 802 2189 p.
824 2151 883 2179 106
971 2149 1028 2180 sed
1048 2154 1081 2180 et
1104 2149 1194 2188 quod
1214 2150 1307 2179 habet
1320 2149 1353 2178 A
1375 2153 1479 2189 potest
1499 2160 1565 2180 esse

238 2192 338 2221 etiam
356 2192 418 2230 (et)
516 2193 554 2221 16
571 2192 654 2231 disp.
672 2192 705 2222 A
797 2194 905 2232 possit
921 2192 1010 2223 AP:
1034 2198 1151 2232 posset
1167 2193 1278 2223 Miller
1375 2202 1411 2231 17
1435 2193 1464 2222 si
1481 2193 1560 2232 quid

238 2235 319 2264 artis
344 2235 377 2264 in
402 2240 436 2266 te
461 2239 513 2265 est
532 2236 628 2275 prtus
651 2235 684 2265 A
703 2236 846 2275 sortasse
873 2240 946 2266 recte
1034 2247 1140 2275 comp.
1165 2236 1232 2267 ΑΡ
1317 2236 1478 2275 quidquid
1502 2236 1560 2267 A:

237 2278 395 2317 quicquid
412 2277 445 2307 P
593 2279 629 2308 18
658 2278 755 2309 Verba
783 2279 820 2309 In
845 2280 974 2318 legibus
1001 2279 1147 2310 Gracchi
1171 2304 1179 2311 .
1207 2304 1213 2310 .
1237 2303 1245 2311 .
1275 2280 1412 2310 condita
1439 2284 1490 2309 est
1515 2279 1564 2309 hic

238 2321 394 2359 leguntur
415 2323 447 2352 in
470 2320 560 2352 AP:
590 2332 626 2351 ea
652 2322 787 2352 Cltrdz'us
813 2324 1041 2373 tratzsponebat
1065 2326 1101 2353 ut
1116 2324 1223 2362 finem
1241 2323 1385 2362 facerent
1408 2334 1429 2353 c.
1449 2333 1465 2361 7
1486 2326 1562 2363 post

238 2364 407 2395 uindictae
422 2366 510 2396 data.
549 2365 685 2396 Retz'nm
693 2365 837 2396 ordmem
850 2367 909 2406 qm'
920 2370 966 2396 est
981 2367 1014 2397 in
1027 2366 1097 2396 ΑΡ
1106 2378 1179 2397 cum
1185 2367 1264 2405 sra
1253 2370 1421 2396 rrmentum
1433 2367 1562 2405 possm!

234 2418 297 2436 esse
318 2408 459 2447 perditae
483 2408 688 2449 digtessiom's
712 2420 745 2439 m
771 2420 835 2449 qua
859 2410 967 2440 Dmsz
987 2411 1108 2450 mcepta
1133 2421 1207 2440 cum
1235 2409 1449 2441 Gracchorum
1475 2419 1558 2439 com-

231 2454 351 2489 parata
366 2455 445 2481 sunt
536 2461 575 2491 19
599 2452 803 2483 numerarim
822 2452 879 2483 A:
904 2453 1153 2484 numerauerim
1169 2452 1203 2483 Ρ
1288 2463 1325 2482 21
1349 2453 1506 2483 Phochea
1522 2452 1555 2482 A

231 2504 271 2522 22
298 2493 492 2533 Bysantium
510 2495 542 2525 A

871 2556 908 2587 32
