1799 2864
127 967 164 988 10

723 261 891 298 LIBER
923 261 963 298 11

183 373 377 424 reliquiae,
419 372 556 410 Italico
598 372 713 418 bello,
753 383 832 420 quo
875 370 1034 420 quidem
1076 370 1247 407 Romani
1289 370 1401 408 uictis
1439 371 1504 408 ad-

183 438 375 487 flictisque
412 436 485 486 ipsi
523 434 707 474 exarmati
741 448 859 484 quarn
899 434 1035 483 integri
1075 433 1265 472 uniuersis
1305 434 1501 472 ciuitatem

183 504 275 541 dare
309 503 538 547 maluerunt,
574 500 821 537 consulatum
855 498 1023 536 inierunt
1059 499 1106 546 Q.
1140 498 1352 547 Pompeius
1386 507 1424 536 et
1459 500 1501 536 L.

184 565 388 606 Cornelius
423 566 539 611 Sulla,
575 564 633 602 uir
670 563 737 613 qui
776 576 904 612 neque
942 563 993 600 ad
1031 563 1148 600 finem
1189 562 1374 601 uictoriae
1413 563 1504 601 satis

182 629 329 668 laudari
367 642 496 678 neque
533 636 622 678 post
666 627 869 666 uictoriam
913 627 1072 665 abunde
1110 626 1319 676 uituperari
1363 635 1502 676 potest.

182 694 245 732 hic
279 701 392 732 natus
430 693 575 731 familia
612 692 746 739 nobili,
787 699 916 730 sextus
954 705 976 729 a
1015 691 1199 730 Cornelio
1239 692 1397 737 Rufino,
1438 691 1503 741 qui
1527 708 1539 727 2

183 759 287 797 bello
317 758 451 808 Pyrrhi
479 758 579 796 inter
607 757 880 796 celeberrimos
910 758 1032 794 fuerat
1062 757 1194 802 duces,
1217 769 1307 793 cum
1336 756 1505 794 familiae

182 823 265 861 eius
295 822 485 861 claritudo
514 821 733 860 intermissa
757 829 869 867 esset,
898 820 965 858 diu
990 820 1043 858 ita
1069 834 1110 858 se
1136 820 1264 869 gessit,
1287 827 1329 857 ut
1358 821 1503 857 nullam

184 887 343 937 petendi
367 889 614 925 consulatum
641 886 918 936 cogitationem
942 885 1086 923 habere
1113 885 1332 923 uideretur:
1363 884 1507 922 deinde
1529 901 1545 930 3,

184 960 272 1001 post
305 959 524 1001 praeturam
559 951 782 989 inlustratus
817 951 921 988 bello
954 949 1091 987 Italico
1126 957 1163 987 et
1191 956 1282 987 ante
1311 948 1350 986 in
1382 948 1508 986 Gallia

184 1015 377 1065 legatione
415 1016 488 1053 sub
524 1015 663 1062 Mario,
700 1028 777 1064 qua
811 1013 1141 1052 eminentissimos
1180 1014 1300 1051 duces
1335 1012 1505 1051 hostium

182 1081 344 1127 fuderat,
381 1094 426 1118 ex
457 1093 639 1118 successu
673 1079 849 1117 animum
884 1078 1048 1128 sumpsit
1082 1086 1299 1127 petensque
1332 1079 1509 1116 consula-

182 1153 264 1182 tum
294 1158 419 1194 paene
449 1144 626 1182 omnium
656 1143 802 1182 ciuium
832 1142 1019 1192 suffragiis
1049 1144 1172 1180 factus
1203 1150 1260 1181 est
1275 1157 1285 1189 3
1318 1144 1387 1180 sed
1417 1156 1506 1180 eum

184 1211 374 1247 honorem
417 1208 851 1258 undequinquagesimo
893 1207 1028 1246 aetatis
1071 1221 1163 1245 suae
1205 1221 1310 1246 anno
1348 1209 1508 1246 adsecu-

147 1285 162 1315 5
183 1282 244 1312 tUS
274 1282 341 1312 CSt.

237 1341 309 1377 Per
347 1352 392 1377 ea
426 1347 601 1388 tempora
642 1338 900 1384 Mithridates,
943 1337 1128 1375 Ponticus
1167 1351 1241 1383 rex,
1282 1336 1341 1375 uir
1378 1350 1506 1386 neque
1526 1341 1567 1377 18

183 1402 356 1440 silendus
386 1416 514 1452 neque
541 1403 732 1440 dicendus
757 1402 839 1440 sine
866 1415 968 1448 cura,
995 1403 1098 1440 bello
1122 1402 1342 1448 acerrimus,
1365 1401 1507 1439 uirtute

185 1467 358 1513 eximius,
390 1467 603 1516 aliquando
635 1468 799 1513 fortuna,
834 1480 987 1515 semper
1017 1466 1150 1504 animo
1182 1466 1384 1512 maximus,
1418 1480 1509 1504 con-

184 1531 276 1569 siliis
298 1533 386 1578 dux,
405 1531 515 1569 miles
537 1545 667 1578 manu,
686 1531 779 1569 odio
799 1531 838 1568 in
862 1533 1065 1569 Romanos
1084 1531 1298 1577 Hannibal,
1317 1539 1509 1580 occupata

127 1609 139 1629 2
184 1596 277 1633 Asia
314 1596 541 1646 necatisque
580 1596 618 1633 in
662 1609 707 1634 ea
745 1596 929 1634 omnibus
972 1595 1124 1633 ciuibus
1164 1596 1367 1642 Romanis,
1408 1609 1507 1645 quos
1531 1613 1543 1633 2

183 1660 343 1709 quidem
378 1661 516 1698 eadem
552 1660 616 1698 die
648 1668 765 1709 atque
800 1661 895 1698 hora
925 1660 1086 1698 redditis
1121 1660 1343 1698 ciuitatibus
1373 1660 1507 1698 litteris

183 1725 329 1774 ingenti
368 1739 458 1763 cum
496 1725 777 1774 pollicitatione
815 1724 1076 1774 praemiorum
1116 1724 1294 1763 interemi
1332 1725 1505 1771 iusserat,

183 1803 262 1839 quo
283 1798 458 1839 tempore
479 1803 607 1839 neque
628 1789 854 1828 fortitudine
873 1791 1061 1827 aduersus
1084 1789 1354 1827 Mithridatem
1380 1803 1508 1839 neque
1529 1800 1544 1828 3

183 1855 260 1893 fide
281 1854 320 1892 in
350 1857 552 1893 Romanos
576 1854 784 1904 quisquam
814 1854 980 1892 Rhodiis
1008 1868 1076 1903 par
1102 1854 1172 1892 fuit
1203 1855 1359 1903 (horum
1390 1856 1509 1893 fidem

186 1919 513 1968 Mytilenaeorum
534 1919 697 1968 perfidia
716 1918 976 1965 inluminauit‚
998 1918 1065 1968 qui
1088 1920 1153 1956 Μ’.
1177 1918 1380 1968 Aquilium
1401 1919 1511 1957 alios-

185 1997 261 2033 que
284 1983 503 2022 Mithridati
523 1984 677 2022 uinctos
698 1983 952 2029 tradiderunt,
974 1983 1118 2032 quibus
1145 1982 1301 2021 libertas
1329 1983 1368 2020 in
1396 1983 1510 2021 unius

185 2048 440 2097 Theophanis
469 2047 629 2097 gratiam
660 2055 797 2097 postea
824 2061 847 2085 a
877 2047 1068 2096 Pompeio
1098 2047 1273 2085 restituta
1302 2046 1388 2096 est),
1421 2061 1510 2085 cum

230 2162 248 2181 2
274 2151 457 2180 exanimati
489 2150 677 2180 Mommsen
767 2151 888 2189 integri
923 2151 1081 2180 Heinsius
1096 2161 1102 2180 :
1146 2150 1285 2188 integris
1319 2149 1407 2180 AP:
1447 2150 1509 2189 ipsi

186 2195 367 2224 exarmatis
390 2204 490 2232 quam
515 2194 635 2233 integri
665 2194 832 2224 uniuersis
860 2194 953 2223 Cobet
1051 2194 1172 2232 integri
1198 2204 1265 2223 non
1290 2194 1419 2224 euersis
1443 2194 1512 2233 Jeep

186 2248 205 2276 3
224 2238 435 2276 inieruntque
448 2237 481 2266 A
499 2248 505 2267 τ
530 2238 675 2267 inierunt
692 2238 753 2268 Cn.
769 2237 802 2266 P
866 2237 906 2276 Q
922 2237 953 2266 Β
1062 2239 1083 2267 6
1099 2237 1220 2268 nobilis
1243 2237 1276 2265 A
1389 2247 1409 2275 9
1433 2247 1511 2266 con-

186 2282 314 2311 sulatus
331 2280 447 2310 Novcik
457 2281 663 2320 probabiliter
794 2291 829 2310 11
855 2281 967 2320 legato
985 2291 1027 2310 ne
1044 2280 1076 2309 A
1148 2291 1214 2319 qua
1234 2280 1381 2310 Gelenius
1396 2292 1402 2311 :
1427 2291 1511 2318 quae

187 2324 257 2353 ΑΡ
377 2334 413 2362 13
438 2328 570 2354 creatus
588 2324 646 2355 del.
664 2328 692 2353 el
710 2329 869 2363 suprascr.
891 2324 996 2354 factus
1014 2324 1046 2353 A
1185 2324 1221 2352 18
1241 2327 1315 2363 post
1332 2324 1512 2362 aliquando

186 2368 219 2396 A
245 2367 336 2397 lmbcl
351 2369 506 2407 scrt'plmn
524 2367 558 2397 id
571 2368 659 2407 quod
671 2368 803 2407 ambigo
820 2378 901 2397 num
918 2367 1144 2407 compendium
1160 2368 1202 2396 sit
1218 2367 1365 2396 uocabnlz'
1378 2367 1513 2396 alicuius

189 2413 213 2447 (2
227 2411 338 2451 simul)
357 2422 400 2440 an
426 2410 508 2440 duae
529 2411 647 2440 litterae
669 2421 787 2449 erasae,
808 2414 938 2451 utputo
954 2411 992 2442 sl.
1126 2420 1163 2440 21
1190 2410 1299 2440 litezis
1321 2410 1512 2440 ciuitatibus

184 2454 290 2484 literis
307 2454 339 2483 A
362 2453 429 2492 (sic)
529 2464 570 2485 22
594 2453 749 2484 interemi
766 2453 799 2482 A
904 2465 944 2493 24
969 2454 1087 2484 horum
1107 2454 1207 2484 fidem
1225 2454 1257 2483 in
1274 2453 1306 2482 A
1399 2463 1440 2492 25
1466 2453 1510 2483 Μ.

188 2497 263 2535 AP,
282 2509 343 2529 cm.
366 2497 529 2528 Ruhnken
661 2508 700 2536 27
726 2497 833 2536 gratia
849 2497 882 2526 A

841 2585 878 2617 35
1305 2569 1348 2607 3*
