<?xml version="1.0" encoding="UTF-8"?>
<!DOCTYPE html PUBLIC "-//W3C//DTD XHTML 1.0 Transitional//EN"
    "http://www.w3.org/TR/xhtml1/DTD/xhtml1-transitional.dtd">
<html xmlns="http://www.w3.org/1999/xhtml" xml:lang="en" lang="en">
 <head>
  <title>
</title>
<meta http-equiv="Content-Type" content="text/html;charset=utf-8" />
  <meta name='ocr-system' content='tesseract 3.04.00' />
  <meta name='ocr-capabilities' content='ocr_page ocr_carea ocr_par ocr_line ocrx_word'/>
</head>
<body>
  <div class='ocr_page' id='page_1' title='image "admvinciumlibrid00velluoft_0100.png"; bbox 0 0 1799 2864; ppageno 0'>
   <div class='ocr_carea' id='block_1_1' title="bbox 648 227 1202 266">
    <p class='ocr_par' dir='ltr' id='par_1_1' title="bbox 648 227 1202 266">
     <span class='ocr_line' id='line_1_1' title="bbox 648 227 1202 266; baseline 0.002 -2"><span class='ocrx_word' id='word_1_1' title='bbox 648 228 852 265; x_wconf 91' lang='lat' dir='ltr'>VELLEI</span> <span class='ocrx_word' id='word_1_2' title='bbox 884 227 1202 266; x_wconf 86' lang='lat' dir='ltr'>PATERCVLI</span> 
     </span>
    </p>
   </div>
   <div class='ocr_carea' id='block_1_2' title="bbox 195 323 1594 1858">
    <p class='ocr_par' dir='ltr' id='par_1_2' title="bbox 267 323 1591 505">
     <span class='ocr_line' id='line_1_2' title="bbox 268 323 1590 374; baseline 0.002 -14"><span class='ocrx_word' id='word_1_3' title='bbox 268 323 460 371; x_wconf 89' lang='lat' dir='ltr'>praetorio</span> <span class='ocrx_word' id='word_1_4' title='bbox 480 325 614 371; x_wconf 91' lang='lat' dir='ltr'>fuerat,</span> <span class='ocrx_word' id='word_1_5' title='bbox 636 324 756 373; x_wconf 86' lang='lat' dir='ltr'>ipsius</span> <span class='ocrx_word' id='word_1_6' title='bbox 777 326 970 363; x_wconf 86' lang='lat' dir='ltr'>aduentus</span> <span class='ocrx_word' id='word_1_7' title='bbox 991 324 1123 374; x_wconf 86' lang='lat' dir='ltr'>uigore</span> <span class='ocrx_word' id='word_1_8' title='bbox 1143 338 1188 363; x_wconf 90' lang='lat' dir='ltr'>ac</span> <span class='ocrx_word' id='word_1_9' title='bbox 1208 326 1356 374; x_wconf 84' lang='lat' dir='ltr'>fulgore</span> <span class='ocrx_word' id='word_1_10' title='bbox 1377 332 1590 374; x_wconf 91' lang='lat' dir='ltr'>occupatus</span> 
     </span>
     <span class='ocr_line' id='line_1_3' title="bbox 268 390 1591 440; baseline 0.002 -14"><span class='ocrx_word' id='word_1_11' title='bbox 268 402 309 426; x_wconf 81' lang='lat' dir='ltr'>se</span> <span class='ocrx_word' id='word_1_12' title='bbox 330 390 485 428; x_wconf 81' lang='lat' dir='ltr'>Caesari</span> <span class='ocrx_word' id='word_1_13' title='bbox 507 390 689 438; x_wconf 79' lang='lat' dir='ltr'>tradidit,-</span> <span class='ocrx_word' id='word_1_14' title='bbox 718 399 926 440; x_wconf 90' lang='lat' dir='ltr'>utrumque</span> <span class='ocrx_word' id='word_1_15' title='bbox 950 391 1164 439; x_wconf 88' lang='lat' dir='ltr'>legatorum</span> <span class='ocrx_word' id='word_1_16' title='bbox 1195 398 1232 428; x_wconf 93' lang='lat' dir='ltr'>et</span> <span class='ocrx_word' id='word_1_17' title='bbox 1262 390 1437 440; x_wconf 90' lang='lat' dir='ltr'>quisquis</span> <span class='ocrx_word' id='word_1_18' title='bbox 1467 390 1591 428; x_wconf 89' lang='lat' dir='ltr'>cuius-</span> 
     </span>
     <span class='ocr_line' id='line_1_4' title="bbox 267 454 1440 505; baseline 0.002 -14"><span class='ocrx_word' id='word_1_19' title='bbox 267 467 344 503; x_wconf 91' lang='lat' dir='ltr'>que</span> <span class='ocrx_word' id='word_1_20' title='bbox 364 454 510 493; x_wconf 80' lang='lat' dir='ltr'>ordinis</span> <span class='ocrx_word' id='word_1_21' title='bbox 531 455 641 505; x_wconf 92' lang='lat' dir='ltr'>sequi</span> <span class='ocrx_word' id='word_1_22' title='bbox 662 469 729 493; x_wconf 90' lang='lat' dir='ltr'>eos</span> <span class='ocrx_word' id='word_1_23' title='bbox 751 457 937 501; x_wconf 86' lang='lat' dir='ltr'>uoluerat,</span> <span class='ocrx_word' id='word_1_24' title='bbox 960 455 1105 492; x_wconf 82' lang='lat' dir='ltr'>remisit</span> <span class='ocrx_word' id='word_1_25' title='bbox 1125 457 1175 493; x_wconf 90' lang='lat' dir='ltr'>ad</span> <span class='ocrx_word' id='word_1_26' title='bbox 1197 455 1440 505; x_wconf 89' lang='lat' dir='ltr'>Pompeium.</span> 
     </span>
    </p>

    <p class='ocr_par' dir='ltr' id='par_1_3' title="bbox 195 518 1592 891">
     <span class='ocr_line' id='line_1_5' title="bbox 195 518 1591 568; baseline -0.001 -11"><span class='ocrx_word' id='word_1_27' title='bbox 195 531 238 567; x_wconf 82' lang='lat'>51</span> <span class='ocrx_word' id='word_1_28' title='bbox 322 518 504 557; x_wconf 87' lang='lat' dir='ltr'>Proximo</span> <span class='ocrx_word' id='word_1_29' title='bbox 534 533 639 557; x_wconf 90' lang='lat' dir='ltr'>anno</span> <span class='ocrx_word' id='word_1_30' title='bbox 671 521 766 557; x_wconf 88' lang='lat' dir='ltr'>dum</span> <span class='ocrx_word' id='word_1_31' title='bbox 800 518 1057 568; x_wconf 82' lang='lat' dir='ltr'>Dyrrachium</span> <span class='ocrx_word' id='word_1_32' title='bbox 1084 532 1130 556; x_wconf 91' lang='lat' dir='ltr'>ac</span> <span class='ocrx_word' id='word_1_33' title='bbox 1156 519 1286 557; x_wconf 89' lang='lat' dir='ltr'>uicina</span> <span class='ocrx_word' id='word_1_34' title='bbox 1312 519 1346 558; x_wconf 94' lang='lat' dir='ltr'>ei</span> <span class='ocrx_word' id='word_1_35' title='bbox 1374 519 1459 557; x_wconf 91' lang='lat' dir='ltr'>urbi</span> <span class='ocrx_word' id='word_1_36' title='bbox 1486 519 1591 568; x_wconf 88' lang='lat' dir='ltr'>regio</span> 
     </span>
     <span class='ocr_line' id='line_1_6' title="bbox 267 582 1591 633; baseline 0.002 -14"><span class='ocrx_word' id='word_1_37' title='bbox 267 582 400 621; x_wconf 88' lang='lat' dir='ltr'>castris</span> <span class='ocrx_word' id='word_1_38' title='bbox 422 584 585 633; x_wconf 80' lang='lat' dir='ltr'>Pompei</span> <span class='ocrx_word' id='word_1_39' title='bbox 606 584 801 629; x_wconf 86' lang='lat' dir='ltr'>retinetur,</span> <span class='ocrx_word' id='word_1_40' title='bbox 820 583 887 632; x_wconf 90' lang='lat' dir='ltr'>qui</span> <span class='ocrx_word' id='word_1_41' title='bbox 906 583 1039 621; x_wconf 87' lang='lat' dir='ltr'>accitis</span> <span class='ocrx_word' id='word_1_42' title='bbox 1056 597 1101 621; x_wconf 82' lang='lat' dir='ltr'>ex</span> <span class='ocrx_word' id='word_1_43' title='bbox 1122 584 1306 622; x_wconf 93' lang='lat' dir='ltr'>omnibus</span> <span class='ocrx_word' id='word_1_44' title='bbox 1327 584 1591 622; x_wconf 76' lang='lat' dir='ltr'>transmarinis</span> 
     </span>
     <span class='ocr_line' id='line_1_7' title="bbox 267 648 1591 699; baseline 0.003 -15"><span class='ocrx_word' id='word_1_45' title='bbox 267 648 478 696; x_wconf 90' lang='lat' dir='ltr'>prouinciis</span> <span class='ocrx_word' id='word_1_46' title='bbox 495 649 724 698; x_wconf 81' lang='lat' dir='ltr'>legionibus,</span> <span class='ocrx_word' id='word_1_47' title='bbox 744 648 925 698; x_wconf 80' lang='lat' dir='ltr'>equitum.</span> <span class='ocrx_word' id='word_1_48' title='bbox 936 662 981 686; x_wconf 89' lang='lat' dir='ltr'>ac</span> <span class='ocrx_word' id='word_1_49' title='bbox 1001 648 1178 698; x_wconf 90' lang='lat' dir='ltr'>peditum</span> <span class='ocrx_word' id='word_1_50' title='bbox 1199 649 1360 695; x_wconf 83' lang='lat' dir='ltr'>auxiliis,</span> <span class='ocrx_word' id='word_1_51' title='bbox 1378 663 1591 699; x_wconf 90' lang='lat' dir='ltr'>regumque</span> 
     </span>
     <span class='ocr_line' id='line_1_8' title="bbox 265 712 1592 762; baseline 0.002 -13"><span class='ocrx_word' id='word_1_52' title='bbox 265 718 302 749; x_wconf 83' lang='lat' dir='ltr'>et</span> <span class='ocrx_word' id='word_1_53' title='bbox 322 715 599 750; x_wconf 81' lang='lat' dir='ltr'>tetrarcharum</span> <span class='ocrx_word' id='word_1_54' title='bbox 621 712 816 762; x_wconf 88' lang='lat' dir='ltr'>simulque</span> <span class='ocrx_word' id='word_1_55' title='bbox 836 714 1086 762; x_wconf 81' lang='lat' dir='ltr'>dynastarum</span> <span class='ocrx_word' id='word_1_56' title='bbox 1111 713 1234 762; x_wconf 89' lang='lat' dir='ltr'>copiis</span> <span class='ocrx_word' id='word_1_57' title='bbox 1262 713 1459 751; x_wconf 88' lang='lat' dir='ltr'>inmanem</span> <span class='ocrx_word' id='word_1_58' title='bbox 1491 728 1592 752; x_wconf 86' lang='lat' dir='ltr'>exer-</span> 
     </span>
     <span class='ocr_line' id='line_1_9' title="bbox 267 777 1590 826; baseline 0.001 -12"><span class='ocrx_word' id='word_1_59' title='bbox 267 777 387 815; x_wconf 92' lang='lat' dir='ltr'>citum</span> <span class='ocrx_word' id='word_1_60' title='bbox 422 779 642 815; x_wconf 87' lang='lat' dir='ltr'>confecerat</span> <span class='ocrx_word' id='word_1_61' title='bbox 673 785 711 815; x_wconf 94' lang='lat' dir='ltr'>et</span> <span class='ocrx_word' id='word_1_62' title='bbox 745 791 850 815; x_wconf 91' lang='lat' dir='ltr'>mare</span> <span class='ocrx_word' id='word_1_63' title='bbox 883 777 1084 826; x_wconf 82' lang='lat' dir='ltr'>praesidiis</span> <span class='ocrx_word' id='word_1_64' title='bbox 1119 777 1312 824; x_wconf 91' lang='lat' dir='ltr'>classium,</span> <span class='ocrx_word' id='word_1_65' title='bbox 1346 785 1387 815; x_wconf 92' lang='lat' dir='ltr'>ut</span> <span class='ocrx_word' id='word_1_66' title='bbox 1425 778 1590 825; x_wconf 89' lang='lat' dir='ltr'>rebatur,</span> 
     </span>
     <span class='ocr_line' id='line_1_10' title="bbox 267 841 1590 891; baseline 0.001 -12"><span class='ocrx_word' id='word_1_67' title='bbox 267 850 473 891; x_wconf 88' lang='lat' dir='ltr'>saepserat,</span> <span class='ocrx_word' id='word_1_68' title='bbox 496 855 576 891; x_wconf 95' lang='lat' dir='ltr'>quo</span> <span class='ocrx_word' id='word_1_69' title='bbox 610 841 739 879; x_wconf 87' lang='lat' dir='ltr'>minus</span> <span class='ocrx_word' id='word_1_70' title='bbox 772 842 915 880; x_wconf 89' lang='lat' dir='ltr'>Caesar</span> <span class='ocrx_word' id='word_1_71' title='bbox 948 841 1120 891; x_wconf 85' lang='lat' dir='ltr'>legiones</span> <span class='ocrx_word' id='word_1_72' title='bbox 1154 850 1286 891; x_wconf 87' lang='lat' dir='ltr'>posset</span> <span class='ocrx_word' id='word_1_73' title='bbox 1321 842 1590 889; x_wconf 87' lang='lat' dir='ltr'>transmittere,</span> 
     </span>
    </p>

    <p class='ocr_par' dir='ltr' id='par_1_4' title="bbox 232 905 1593 1149">
     <span class='ocr_line' id='line_1_11' title="bbox 232 905 1593 944; baseline 0 -1"><span class='ocrx_word' id='word_1_74' title='bbox 232 922 246 942; x_wconf 89' lang='lat'><strong>2</strong></span> <span class='ocrx_word' id='word_1_75' title='bbox 268 919 337 943; x_wconf 90' lang='lat' dir='ltr'>sua</span> <span class='ocrx_word' id='word_1_76' title='bbox 368 914 405 943; x_wconf 92' lang='lat' dir='ltr'>et</span> <span class='ocrx_word' id='word_1_77' title='bbox 437 905 631 944; x_wconf 89' lang='lat' dir='ltr'>celeritate</span> <span class='ocrx_word' id='word_1_78' title='bbox 663 914 701 943; x_wconf 92' lang='lat' dir='ltr'>et</span> <span class='ocrx_word' id='word_1_79' title='bbox 732 907 887 943; x_wconf 87' lang='lat' dir='ltr'>fortuna</span> <span class='ocrx_word' id='word_1_80' title='bbox 918 906 961 944; x_wconf 90' lang='lat' dir='ltr'>C.</span> <span class='ocrx_word' id='word_1_81' title='bbox 998 906 1141 944; x_wconf 91' lang='lat' dir='ltr'>Caesar</span> <span class='ocrx_word' id='word_1_82' title='bbox 1173 920 1264 944; x_wconf 91' lang='lat' dir='ltr'>usus</span> <span class='ocrx_word' id='word_1_83' title='bbox 1292 906 1388 943; x_wconf 89' lang='lat' dir='ltr'>nihil</span> <span class='ocrx_word' id='word_1_84' title='bbox 1415 906 1454 943; x_wconf 90' lang='lat' dir='ltr'>in</span> <span class='ocrx_word' id='word_1_85' title='bbox 1484 919 1593 944; x_wconf 90' lang='lat' dir='ltr'>mora</span> 
     </span>
     <span class='ocr_line' id='line_1_12' title="bbox 267 970 1592 1021; baseline 0.001 -13"><span class='ocrx_word' id='word_1_86' title='bbox 267 970 414 1017; x_wconf 89' lang='lat' dir='ltr'>habuit,</span> <span class='ocrx_word' id='word_1_87' title='bbox 437 984 517 1019; x_wconf 92' lang='lat' dir='ltr'>quo</span> <span class='ocrx_word' id='word_1_88' title='bbox 538 971 667 1008; x_wconf 90' lang='lat' dir='ltr'>minus</span> <span class='ocrx_word' id='word_1_89' title='bbox 692 979 729 1009; x_wconf 92' lang='lat' dir='ltr'>et</span> <span class='ocrx_word' id='word_1_90' title='bbox 754 984 842 1008; x_wconf 88' lang='lat' dir='ltr'>cum</span> <span class='ocrx_word' id='word_1_91' title='bbox 868 972 985 1008; x_wconf 89' lang='lat' dir='ltr'>uellet</span> <span class='ocrx_word' id='word_1_92' title='bbox 1012 970 1094 1019; x_wconf 84' lang='lat' dir='ltr'>ipse</span> <span class='ocrx_word' id='word_1_93' title='bbox 1115 971 1383 1021; x_wconf 86' lang='lat' dir='ltr'>exercitusque</span> <span class='ocrx_word' id='word_1_94' title='bbox 1404 971 1592 1010; x_wconf 89' lang='lat' dir='ltr'>classibus</span> 
     </span>
     <span class='ocr_line' id='line_1_13' title="bbox 267 1034 1593 1085; baseline 0.001 -13"><span class='ocrx_word' id='word_1_95' title='bbox 267 1034 497 1084; x_wconf 82' lang='lat' dir='ltr'>perueniret,</span> <span class='ocrx_word' id='word_1_96' title='bbox 521 1042 558 1072; x_wconf 91' lang='lat' dir='ltr'>et</span> <span class='ocrx_word' id='word_1_97' title='bbox 578 1035 704 1084; x_wconf 88' lang='lat' dir='ltr'>primo</span> <span class='ocrx_word' id='word_1_98' title='bbox 725 1048 850 1084; x_wconf 88' lang='lat' dir='ltr'>paene</span> <span class='ocrx_word' id='word_1_99' title='bbox 870 1034 1003 1072; x_wconf 90' lang='lat' dir='ltr'>castris</span> <span class='ocrx_word' id='word_1_100' title='bbox 1025 1035 1189 1084; x_wconf 91' lang='lat' dir='ltr'>Pompei</span> <span class='ocrx_word' id='word_1_101' title='bbox 1210 1049 1279 1073; x_wconf 86' lang='lat' dir='ltr'>sua</span> <span class='ocrx_word' id='word_1_102' title='bbox 1299 1035 1484 1085; x_wconf 85' lang='lat' dir='ltr'>iungeret,</span> <span class='ocrx_word' id='word_1_103' title='bbox 1502 1050 1593 1074; x_wconf 86' lang='lat' dir='ltr'>mox</span> 
     </span>
     <span class='ocr_line' id='line_1_14' title="bbox 267 1099 1593 1149; baseline 0.002 -13"><span class='ocrx_word' id='word_1_104' title='bbox 267 1099 383 1137; x_wconf 86' lang='lat' dir='ltr'>etiarn</span> <span class='ocrx_word' id='word_1_105' title='bbox 405 1099 613 1137; x_wconf 90' lang='lat' dir='ltr'>obsidione</span> <span class='ocrx_word' id='word_1_106' title='bbox 644 1099 978 1149; x_wconf 87' lang='lat' dir='ltr'>munimentisque</span> <span class='ocrx_word' id='word_1_107' title='bbox 1009 1113 1099 1137; x_wconf 92' lang='lat' dir='ltr'>eum</span> <span class='ocrx_word' id='word_1_108' title='bbox 1131 1102 1464 1149; x_wconf 89' lang='lat' dir='ltr'>complecteretur.</span> <span class='ocrx_word' id='word_1_109' title='bbox 1523 1102 1593 1139; x_wconf 88' lang='lat' dir='ltr'>sed</span> 
     </span>
    </p>

    <p class='ocr_par' dir='ltr' id='par_1_5' title="bbox 231 1163 1593 1665">
     <span class='ocr_line' id='line_1_15' title="bbox 231 1163 1593 1213; baseline 0.001 -12"><span class='ocrx_word' id='word_1_110' title='bbox 231 1175 248 1204; x_wconf 78' lang='lat'>3</span> <span class='ocrx_word' id='word_1_111' title='bbox 266 1163 400 1212; x_wconf 89' lang='lat' dir='ltr'>inopia</span> <span class='ocrx_word' id='word_1_112' title='bbox 420 1163 693 1202; x_wconf 90' lang='lat' dir='ltr'>obsidentibus</span> <span class='ocrx_word' id='word_1_113' title='bbox 714 1177 832 1213; x_wconf 90' lang='lat' dir='ltr'>quam</span> <span class='ocrx_word' id='word_1_114' title='bbox 854 1163 1023 1202; x_wconf 90' lang='lat' dir='ltr'>obsessis</span> <span class='ocrx_word' id='word_1_115' title='bbox 1044 1172 1123 1202; x_wconf 91' lang='lat' dir='ltr'>erat</span> <span class='ocrx_word' id='word_1_116' title='bbox 1138 1164 1300 1213; x_wconf 89' lang='lat' dir='ltr'>grauior.</span> <span class='ocrx_word' id='word_1_117' title='bbox 1347 1172 1429 1202; x_wconf 88' lang='lat' dir='ltr'>tum</span> <span class='ocrx_word' id='word_1_118' title='bbox 1447 1166 1593 1203; x_wconf 89' lang='lat' dir='ltr'>Balbus</span> 
     </span>
     <span class='ocr_line' id='line_1_16' title="bbox 268 1228 1593 1279; baseline 0.002 -14"><span class='ocrx_word' id='word_1_119' title='bbox 268 1228 474 1266; x_wconf 89' lang='lat' dir='ltr'>Cornelius</span> <span class='ocrx_word' id='word_1_120' title='bbox 508 1230 722 1266; x_wconf 87' lang='lat' dir='ltr'>excedente</span> <span class='ocrx_word' id='word_1_121' title='bbox 753 1230 966 1266; x_wconf 91' lang='lat' dir='ltr'>humanam</span> <span class='ocrx_word' id='word_1_122' title='bbox 999 1230 1117 1266; x_wconf 87' lang='lat' dir='ltr'>fidem</span> <span class='ocrx_word' id='word_1_123' title='bbox 1149 1229 1365 1267; x_wconf 88' lang='lat' dir='ltr'>temeritate</span> <span class='ocrx_word' id='word_1_124' title='bbox 1399 1229 1593 1279; x_wconf 89' lang='lat' dir='ltr'>ingressus</span> 
     </span>
     <span class='ocr_line' id='line_1_17' title="bbox 268 1292 1592 1342; baseline 0.002 -13"><span class='ocrx_word' id='word_1_125' title='bbox 268 1300 391 1329; x_wconf 88' lang='lat' dir='ltr'>castra</span> <span class='ocrx_word' id='word_1_126' title='bbox 418 1292 590 1330; x_wconf 90' lang='lat' dir='ltr'>hostium</span> <span class='ocrx_word' id='word_1_127' title='bbox 618 1292 851 1342; x_wconf 87' lang='lat' dir='ltr'>saepiusque</span> <span class='ocrx_word' id='word_1_128' title='bbox 871 1306 961 1330; x_wconf 90' lang='lat' dir='ltr'>cum</span> <span class='ocrx_word' id='word_1_129' title='bbox 984 1294 1152 1331; x_wconf 90' lang='lat' dir='ltr'>Lentulo</span> <span class='ocrx_word' id='word_1_130' title='bbox 1177 1295 1394 1332; x_wconf 92' lang='lat' dir='ltr'>collocutus</span> <span class='ocrx_word' id='word_1_131' title='bbox 1419 1296 1592 1341; x_wconf 91' lang='lat' dir='ltr'>consule,</span> 
     </span>
     <span class='ocr_line' id='line_1_18' title="bbox 268 1356 1591 1407; baseline 0.002 -13"><span class='ocrx_word' id='word_1_132' title='bbox 268 1356 473 1394; x_wconf 88' lang='lat' dir='ltr'>dubitante</span> <span class='ocrx_word' id='word_1_133' title='bbox 503 1357 638 1406; x_wconf 90' lang='lat' dir='ltr'>quanti</span> <span class='ocrx_word' id='word_1_134' title='bbox 670 1371 710 1395; x_wconf 91' lang='lat' dir='ltr'>se</span> <span class='ocrx_word' id='word_1_135' title='bbox 742 1359 941 1404; x_wconf 91' lang='lat' dir='ltr'>uenderet,</span> <span class='ocrx_word' id='word_1_136' title='bbox 970 1357 1043 1395; x_wconf 92' lang='lat' dir='ltr'>illis</span> <span class='ocrx_word' id='word_1_137' title='bbox 1075 1357 1324 1397; x_wconf 89' lang='lat' dir='ltr'>incrementis</span> <span class='ocrx_word' id='word_1_138' title='bbox 1354 1359 1444 1397; x_wconf 88' lang='lat' dir='ltr'>fecit</span> <span class='ocrx_word' id='word_1_139' title='bbox 1475 1359 1591 1407; x_wconf 85' lang='lat' dir='ltr'>uiam,</span> 
     </span>
     <span class='ocr_line' id='line_1_19' title="bbox 268 1420 1593 1473; baseline 0.003 -15"><span class='ocrx_word' id='word_1_140' title='bbox 268 1420 411 1470; x_wconf 89' lang='lat' dir='ltr'>quibus</span> <span class='ocrx_word' id='word_1_141' title='bbox 432 1435 512 1459; x_wconf 90' lang='lat' dir='ltr'>non</span> <span class='ocrx_word' id='word_1_142' title='bbox 535 1421 811 1471; x_wconf 87' lang='lat' dir='ltr'>Hispaniensis</span> <span class='ocrx_word' id='word_1_143' title='bbox 828 1430 952 1469; x_wconf 88' lang='lat' dir='ltr'>natus,</span> <span class='ocrx_word' id='word_1_144' title='bbox 971 1423 1040 1460; x_wconf 91' lang='lat' dir='ltr'>sed</span> <span class='ocrx_word' id='word_1_145' title='bbox 1063 1422 1278 1472; x_wconf 76' lang='lat' dir='ltr'>Hispanus,</span> <span class='ocrx_word' id='word_1_146' title='bbox 1296 1423 1335 1461; x_wconf 90' lang='lat' dir='ltr'>in</span> <span class='ocrx_word' id='word_1_147' title='bbox 1352 1423 1593 1473; x_wconf 89' lang='lat' dir='ltr'>triumphum</span> 
     </span>
     <span class='ocr_line' id='line_1_20' title="bbox 268 1485 1590 1537; baseline 0.004 -15"><span class='ocrx_word' id='word_1_148' title='bbox 268 1493 305 1522; x_wconf 94' lang='lat' dir='ltr'>et</span> <span class='ocrx_word' id='word_1_149' title='bbox 331 1485 603 1534; x_wconf 89' lang='lat' dir='ltr'>pontificatum</span> <span class='ocrx_word' id='word_1_150' title='bbox 635 1487 859 1535; x_wconf 86' lang='lat' dir='ltr'>adsurgeret</span> <span class='ocrx_word' id='word_1_151' title='bbox 889 1487 1076 1536; x_wconf 88' lang='lat' dir='ltr'>fieretque</span> <span class='ocrx_word' id='word_1_152' title='bbox 1107 1501 1153 1525; x_wconf 85' lang='lat' dir='ltr'>ex</span> <span class='ocrx_word' id='word_1_153' title='bbox 1183 1487 1335 1537; x_wconf 87' lang='lat' dir='ltr'>priuato</span> <span class='ocrx_word' id='word_1_154' title='bbox 1367 1489 1590 1527; x_wconf 88' lang='lat' dir='ltr'>consularis.</span> 
     </span>
     <span class='ocr_line' id='line_1_21' title="bbox 268 1549 1593 1603; baseline 0.004 -16"><span class='ocrx_word' id='word_1_155' title='bbox 268 1549 458 1588; x_wconf 87' lang='lat' dir='ltr'>uariatum</span> <span class='ocrx_word' id='word_1_156' title='bbox 481 1550 625 1588; x_wconf 93' lang='lat' dir='ltr'>deinde</span> <span class='ocrx_word' id='word_1_157' title='bbox 648 1551 815 1600; x_wconf 90' lang='lat' dir='ltr'>proeliis,</span> <span class='ocrx_word' id='word_1_158' title='bbox 839 1552 909 1589; x_wconf 90' lang='lat' dir='ltr'>sed</span> <span class='ocrx_word' id='word_1_159' title='bbox 940 1565 1020 1590; x_wconf 93' lang='lat' dir='ltr'>uno</span> <span class='ocrx_word' id='word_1_160' title='bbox 1052 1553 1167 1601; x_wconf 89' lang='lat' dir='ltr'>longe</span> <span class='ocrx_word' id='word_1_161' title='bbox 1194 1552 1315 1602; x_wconf 91' lang='lat' dir='ltr'>magis</span> <span class='ocrx_word' id='word_1_162' title='bbox 1344 1554 1593 1603; x_wconf 88' lang='lat' dir='ltr'>Pompeianis</span> 
     </span>
     <span class='ocr_line' id='line_1_22' title="bbox 268 1615 1411 1665; baseline 0.003 -14"><span class='ocrx_word' id='word_1_163' title='bbox 268 1627 466 1663; x_wconf 88' lang='lat' dir='ltr'>prospero,</span> <span class='ocrx_word' id='word_1_164' title='bbox 489 1628 568 1664; x_wconf 91' lang='lat' dir='ltr'>quo</span> <span class='ocrx_word' id='word_1_165' title='bbox 588 1615 754 1664; x_wconf 90' lang='lat' dir='ltr'>grauiter</span> <span class='ocrx_word' id='word_1_166' title='bbox 774 1615 931 1665; x_wconf 90' lang='lat' dir='ltr'>impulsi</span> <span class='ocrx_word' id='word_1_167' title='bbox 952 1624 1042 1654; x_wconf 90' lang='lat' dir='ltr'>sunt</span> <span class='ocrx_word' id='word_1_168' title='bbox 1063 1616 1239 1655; x_wconf 89' lang='lat' dir='ltr'>Caesaris</span> <span class='ocrx_word' id='word_1_169' title='bbox 1261 1617 1411 1655; x_wconf 87' lang='lat' dir='ltr'>milites.</span> 
     </span>
    </p>

    <p class='ocr_par' dir='ltr' id='par_1_6' title="bbox 199 1679 1594 1727">
     <span class='ocr_line' id='line_1_23' title="bbox 199 1679 1594 1727; baseline 0.002 -9"><span class='ocrx_word' id='word_1_170' title='bbox 199 1690 249 1727; x_wconf 84' lang='lat'>52</span> <span class='ocrx_word' id='word_1_171' title='bbox 322 1680 426 1716; x_wconf 91' lang='lat' dir='ltr'>Tum</span> <span class='ocrx_word' id='word_1_172' title='bbox 459 1680 603 1718; x_wconf 84' lang='lat' dir='ltr'>Caesar</span> <span class='ocrx_word' id='word_1_173' title='bbox 633 1693 723 1717; x_wconf 92' lang='lat' dir='ltr'>cum</span> <span class='ocrx_word' id='word_1_174' title='bbox 755 1679 924 1718; x_wconf 85' lang='lat' dir='ltr'>exercitu</span> <span class='ocrx_word' id='word_1_175' title='bbox 955 1681 1112 1719; x_wconf 87' lang='lat' dir='ltr'>fatalem</span> <span class='ocrx_word' id='word_1_176' title='bbox 1139 1681 1325 1719; x_wconf 91' lang='lat' dir='ltr'>uictoriae</span> <span class='ocrx_word' id='word_1_177' title='bbox 1355 1695 1446 1720; x_wconf 85' lang='lat' dir='ltr'>suae</span> <span class='ocrx_word' id='word_1_178' title='bbox 1473 1684 1594 1721; x_wconf 92' lang='lat' dir='ltr'>Thes-</span> 
     </span>
    </p>

    <p class='ocr_par' dir='ltr' id='par_1_7' title="bbox 233 1742 1594 1858">
     <span class='ocr_line' id='line_1_24' title="bbox 233 1742 1592 1794; baseline 0.002 -12"><span class='ocrx_word' id='word_1_179' title='bbox 233 1763 247 1783; x_wconf 61' lang='grc' dir='ltr'>,ν</span> <span class='ocrx_word' id='word_1_180' title='bbox 268 1742 402 1780; x_wconf 87' lang='lat' dir='ltr'>saliam</span> <span class='ocrx_word' id='word_1_181' title='bbox 434 1743 554 1794; x_wconf 88' lang='lat' dir='ltr'>petiit.</span> <span class='ocrx_word' id='word_1_182' title='bbox 616 1745 839 1793; x_wconf 86' lang='lat' dir='ltr'>Pompeius,</span> <span class='ocrx_word' id='word_1_183' title='bbox 874 1746 990 1794; x_wconf 87' lang='lat' dir='ltr'>longe</span> <span class='ocrx_word' id='word_1_184' title='bbox 1024 1745 1177 1783; x_wconf 91' lang='lat' dir='ltr'>diuersa</span> <span class='ocrx_word' id='word_1_185' title='bbox 1206 1746 1290 1784; x_wconf 89' lang='lat' dir='ltr'>aliis</span> <span class='ocrx_word' id='word_1_186' title='bbox 1325 1747 1592 1794; x_wconf 87' lang='lat' dir='ltr'>suadentibus,</span> 
     </span>
     <span class='ocr_line' id='line_1_25' title="bbox 269 1808 1594 1858; baseline 0.005 -14"><span class='ocrx_word' id='word_1_187' title='bbox 269 1821 435 1856; x_wconf 89' lang='lat' dir='ltr'>quorum</span> <span class='ocrx_word' id='word_1_188' title='bbox 470 1808 645 1858; x_wconf 91' lang='lat' dir='ltr'>plerique</span> <span class='ocrx_word' id='word_1_189' title='bbox 676 1809 941 1856; x_wconf 89' lang='lat' dir='ltr'>hortabantur,</span> <span class='ocrx_word' id='word_1_190' title='bbox 975 1817 1016 1847; x_wconf 87' lang='lat' dir='ltr'>ut</span> <span class='ocrx_word' id='word_1_191' title='bbox 1047 1809 1086 1847; x_wconf 94' lang='lat' dir='ltr'>in</span> <span class='ocrx_word' id='word_1_192' title='bbox 1127 1810 1279 1848; x_wconf 88' lang='lat' dir='ltr'>Italiam</span> <span class='ocrx_word' id='word_1_193' title='bbox 1319 1811 1594 1850; x_wconf 86' lang='lat' dir='ltr'>transmitteret</span> 
     </span>
    </p>
   </div>
   <div class='ocr_carea' id='block_1_3' title="bbox 266 1910 1599 2471">
    <p class='ocr_par' dir='ltr' id='par_1_8' title="bbox 266 1910 1599 2471">
     <span class='ocr_line' id='line_1_26' title="bbox 316 1910 1594 1953; baseline 0.005 -14"><span class='ocrx_word' id='word_1_194' title='bbox 316 1919 328 1938; x_wconf 93' lang='lat'>1</span> <span class='ocrx_word' id='word_1_195' title='bbox 355 1910 502 1940; x_wconf 88' lang='lat' dir='ltr'>aduentu</span> <span class='ocrx_word' id='word_1_196' title='bbox 517 1910 607 1941; x_wconf 80' lang='lat' dir='ltr'>AP:</span> <span class='ocrx_word' id='word_1_197' title='bbox 631 1911 799 1941; x_wconf 89' lang='lat' dir='ltr'>aduentus</span> <span class='ocrx_word' id='word_1_198' title='bbox 815 1911 963 1942; x_wconf 81' lang='lat' dir='ltr'>Gelenius</span> <span class='ocrx_word' id='word_1_199' title='bbox 1073 1922 1088 1942; x_wconf 91' lang='lat'><strong>2</strong></span> <span class='ocrx_word' id='word_1_200' title='bbox 1113 1917 1289 1951; x_wconf 81' lang='lat' dir='ltr'>utrumque</span> <span class='ocrx_word' id='word_1_201' title='bbox 1305 1914 1433 1953; x_wconf 76' lang='lat' dir='ltr'>scripsi:</span> <span class='ocrx_word' id='word_1_202' title='bbox 1452 1919 1594 1953; x_wconf 87' lang='lat' dir='ltr'>uterque</span> 
     </span>
     <span class='ocr_line' id='line_1_27' title="bbox 269 1952 1592 1995; baseline 0.005 -14"><span class='ocrx_word' id='word_1_203' title='bbox 269 1952 340 1981; x_wconf 77' lang='grc' dir='ltr'>ΑΡ</span> <span class='ocrx_word' id='word_1_204' title='bbox 453 1963 472 1991; x_wconf 84' lang='grc'>3</span> <span class='ocrx_word' id='word_1_205' title='bbox 497 1954 624 1984; x_wconf 86' lang='lat' dir='ltr'>remisit</span> <span class='ocrx_word' id='word_1_206' title='bbox 641 1954 710 1983; x_wconf 86' lang='grc' dir='ltr'>ΑΡ</span> <span class='ocrx_word' id='word_1_207' title='bbox 820 1966 839 1993; x_wconf 90' lang='lat'><strong>4</strong></span> <span class='ocrx_word' id='word_1_208' title='bbox 863 1965 938 1985; x_wconf 87' lang='lat' dir='ltr'>cum</span> <span class='ocrx_word' id='word_1_209' title='bbox 955 1954 1043 1986; x_wconf 86' lang='lat' dir='ltr'>AP:</span> <span class='ocrx_word' id='word_1_210' title='bbox 1069 1956 1144 1986; x_wconf 93' lang='lat' dir='ltr'>dum</span> <span class='ocrx_word' id='word_1_211' title='bbox 1161 1956 1273 1995; x_wconf 74' lang='lat' dir='ltr'>scm&#39;psi</span> <span class='ocrx_word' id='word_1_212' title='bbox 1337 1957 1543 1995; x_wconf 89' lang='lat' dir='ltr'>Dyrachium</span> <span class='ocrx_word' id='word_1_213' title='bbox 1559 1958 1592 1987; x_wconf 84' lang='lat' dir='ltr'><em>A</em></span> 
     </span>
     <span class='ocr_line' id='line_1_28' title="bbox 271 1995 1593 2039; baseline 0.005 -14"><span class='ocrx_word' id='word_1_214' title='bbox 271 1996 380 2026; x_wconf 90' lang='lat' dir='ltr'>uicina</span> <span class='ocrx_word' id='word_1_215' title='bbox 407 1995 459 2026; x_wconf 87' lang='lat' dir='ltr'>P:</span> <span class='ocrx_word' id='word_1_216' title='bbox 491 1997 611 2028; x_wconf 89' lang='lat' dir='ltr'>uicinia</span> <span class='ocrx_word' id='word_1_217' title='bbox 638 1998 708 2027; x_wconf 85' lang='grc' dir='ltr'>ΑΒ</span> <span class='ocrx_word' id='word_1_218' title='bbox 853 2007 873 2036; x_wconf 84' lang='grc'><em>5</em></span> <span class='ocrx_word' id='word_1_219' title='bbox 897 1998 1061 2037; x_wconf 82' lang='lat' dir='ltr'>Pompeio</span> <span class='ocrx_word' id='word_1_220' title='bbox 1094 2000 1162 2039; x_wconf 65' lang='lat' dir='ltr'>(sic)</span> <span class='ocrx_word' id='word_1_221' title='bbox 1187 2000 1294 2037; x_wconf 74' lang='lat' dir='ltr'>sm&#39;sse</span> <span class='ocrx_word' id='word_1_222' title='bbox 1320 2000 1353 2030; x_wconf 82' lang='lat' dir='ltr'>in</span> <span class='ocrx_word' id='word_1_223' title='bbox 1381 2001 1593 2037; x_wconf 74' lang='lat' dir='ltr'>Murbaceusi,</span> 
     </span>
     <span class='ocr_line' id='line_1_29' title="bbox 266 2039 1598 2083; baseline 0.005 -15"><span class='ocrx_word' id='word_1_224' title='bbox 266 2043 387 2078; x_wconf 80' lang='lat' dir='ltr'>puncto</span> <span class='ocrx_word' id='word_1_225' title='bbox 414 2039 528 2070; x_wconf 82' lang='lat' dir='ltr'>delelili</span> <span class='ocrx_word' id='word_1_226' title='bbox 551 2041 775 2080; x_wconf 75' lang='lat' dir='ltr'>suprascn&#39;pto,</span> <span class='ocrx_word' id='word_1_227' title='bbox 799 2045 935 2071; x_wconf 75' lang='lat' dir='ltr'>testatur</span> <span class='ocrx_word' id='word_1_228' title='bbox 956 2042 1082 2073; x_wconf 84' lang='lat' dir='ltr'>Burer:</span> <span class='ocrx_word' id='word_1_229' title='bbox 1117 2042 1257 2081; x_wconf 90' lang='lat' dir='ltr'>Pompei</span> <span class='ocrx_word' id='word_1_230' title='bbox 1282 2043 1336 2075; x_wconf 83' lang='lat' dir='ltr'>A:</span> <span class='ocrx_word' id='word_1_231' title='bbox 1376 2043 1538 2083; x_wconf 90' lang='lat' dir='ltr'>Pompeio</span> <span class='ocrx_word' id='word_1_232' title='bbox 1565 2044 1598 2074; x_wconf 97' lang='grc' dir='ltr'><em>Ρ</em></span> 
     </span>
     <span class='ocr_line' id='line_1_30' title="bbox 271 2083 1593 2127; baseline 0.004 -15"><span class='ocrx_word' id='word_1_233' title='bbox 271 2093 343 2112; x_wconf 88' lang='lat' dir='ltr'>cum</span> <span class='ocrx_word' id='word_1_234' title='bbox 370 2083 580 2114; x_wconf 82' lang='lat' dir='ltr'>obtineretur</span> <span class='ocrx_word' id='word_1_235' title='bbox 603 2084 778 2116; x_wconf 75' lang='lat' dir='ltr'>Heinsius:</span> <span class='ocrx_word' id='word_1_236' title='bbox 805 2085 862 2114; x_wconf 81' lang='lat' dir='ltr'>sed</span> <span class='ocrx_word' id='word_1_237' title='bbox 881 2086 1047 2116; x_wconf 84' lang='lat' dir='ltr'>retinetur</span> <span class='ocrx_word' id='word_1_238' title='bbox 1068 2090 1113 2115; x_wconf 84' lang='lat' dir='ltr'>est</span> <span class='ocrx_word' id='word_1_239' title='bbox 1134 2086 1167 2115; x_wconf 82' lang='lat' dir='ltr'>in</span> <span class='ocrx_word' id='word_1_240' title='bbox 1192 2086 1296 2116; x_wconf 84' lang='grc' dir='ltr'>ΑΒΡ</span> <span class='ocrx_word' id='word_1_241' title='bbox 1380 2092 1414 2117; x_wconf 82' lang='lat' dir='ltr'>et</span> <span class='ocrx_word' id='word_1_242' title='bbox 1437 2092 1593 2127; x_wconf 80' lang='lat' dir='ltr'>suprascr.</span> 
     </span>
     <span class='ocr_line' id='line_1_31' title="bbox 271 2126 1593 2166; baseline 0.005 -11"><span class='ocrx_word' id='word_1_243' title='bbox 271 2136 314 2155; x_wconf 83' lang='lat' dir='ltr'>ex</span> <span class='ocrx_word' id='word_1_244' title='bbox 341 2126 373 2155; x_wconf 87' lang='lat' dir='ltr'><em>A</em></span> <span class='ocrx_word' id='word_1_245' title='bbox 531 2138 548 2166; x_wconf 91' lang='lat'><strong>7</strong></span> <span class='ocrx_word' id='word_1_246' title='bbox 573 2132 606 2157; x_wconf 89' lang='lat' dir='ltr'>et</span> <span class='ocrx_word' id='word_1_247' title='bbox 634 2127 708 2159; x_wconf 76' lang='lat' dir='ltr'>add.</span> <span class='ocrx_word' id='word_1_248' title='bbox 740 2128 887 2158; x_wconf 79' lang='lat' dir='ltr'>Gelenius</span> <span class='ocrx_word' id='word_1_249' title='bbox 986 2130 1210 2159; x_wconf 88' lang='lat' dir='ltr'>tetarcharum</span> <span class='ocrx_word' id='word_1_250' title='bbox 1242 2129 1312 2159; x_wconf 83' lang='lat' dir='ltr'>AB</span> <span class='ocrx_word' id='word_1_251' title='bbox 1410 2131 1506 2161; x_wconf 88' lang='lat' dir='ltr'>simul</span> <span class='ocrx_word' id='word_1_252' title='bbox 1537 2131 1593 2163; x_wconf 84' lang='lat' dir='ltr'>A:</span> 
     </span>
     <span class='ocr_line' id='line_1_32' title="bbox 271 2169 1598 2210; baseline 0.005 -12"><span class='ocrx_word' id='word_1_253' title='bbox 271 2170 435 2208; x_wconf 81' lang='lat' dir='ltr'>simulque</span> <span class='ocrx_word' id='word_1_254' title='bbox 460 2169 524 2199; x_wconf 90' lang='grc' dir='ltr'>ΡΒ</span> <span class='ocrx_word' id='word_1_255' title='bbox 672 2172 691 2200; x_wconf 90' lang='lat'><em>8</em></span> <span class='ocrx_word' id='word_1_256' title='bbox 716 2172 871 2210; x_wconf 84' lang='lat' dir='ltr'>praesidii</span> <span class='ocrx_word' id='word_1_257' title='bbox 896 2172 948 2202; x_wconf 92' lang='lat' dir='ltr'>dis</span> <span class='ocrx_word' id='word_1_258' title='bbox 964 2172 997 2201; x_wconf 87' lang='lat' dir='ltr'><em>A</em></span> <span class='ocrx_word' id='word_1_259' title='bbox 1088 2173 1260 2203; x_wconf 86' lang='lat' dir='ltr'>uirebatur</span> <span class='ocrx_word' id='word_1_260' title='bbox 1286 2173 1320 2202; x_wconf 87' lang='lat' dir='ltr'>P</span> <span class='ocrx_word' id='word_1_261' title='bbox 1342 2177 1370 2203; x_wconf 83' lang='lat' dir='ltr'>et</span> <span class='ocrx_word' id='word_1_262' title='bbox 1396 2174 1442 2207; x_wconf 87' lang='grc' dir='ltr'>Α,</span> <span class='ocrx_word' id='word_1_263' title='bbox 1468 2174 1525 2204; x_wconf 83' lang='lat' dir='ltr'>sed</span> <span class='ocrx_word' id='word_1_264' title='bbox 1548 2175 1598 2204; x_wconf 80' lang='lat' dir='ltr'>lu‘c</span> 
     </span>
     <span class='ocr_line' id='line_1_33' title="bbox 270 2214 1591 2256; baseline 0.005 -14"><span class='ocrx_word' id='word_1_265' title='bbox 270 2214 486 2253; x_wconf 68' lang='lat' dir='ltr'>suprascm&#39;pto</span> <span class='ocrx_word' id='word_1_266' title='bbox 502 2218 537 2244; x_wconf 89' lang='lat' dir='ltr'>ut</span> <span class='ocrx_word' id='word_1_267' title='bbox 554 2214 696 2253; x_wconf 71' lang='lat' dir='ltr'>rebatur,</span> <span class='ocrx_word' id='word_1_268' title='bbox 718 2215 806 2254; x_wconf 84' lang='lat' dir='ltr'>quod</span> <span class='ocrx_word' id='word_1_269' title='bbox 818 2216 1001 2245; x_wconf 73' lang='lat' dir='ltr'>Rhenanus</span> <span class='ocrx_word' id='word_1_270' title='bbox 1017 2217 1094 2247; x_wconf 80' lang='lat' dir='ltr'>coni.</span> <span class='ocrx_word' id='word_1_271' title='bbox 1201 2227 1221 2255; x_wconf 91' lang='lat'>9</span> <span class='ocrx_word' id='word_1_272' title='bbox 1245 2222 1397 2256; x_wconf 85' lang='lat' dir='ltr'>sepserat</span> <span class='ocrx_word' id='word_1_273' title='bbox 1414 2217 1446 2246; x_wconf 90' lang='lat' dir='ltr'><em>A</em></span> <span class='ocrx_word' id='word_1_274' title='bbox 1557 2228 1591 2248; x_wconf 91' lang='lat'>11</span> 
     </span>
     <span class='ocr_line' id='line_1_34' title="bbox 273 2257 1594 2299; baseline 0.005 -14"><span class='ocrx_word' id='word_1_275' title='bbox 273 2263 305 2285; x_wconf 89' lang='lat' dir='ltr'>et</span> <span class='ocrx_word' id='word_1_276' title='bbox 332 2267 398 2294; x_wconf 91' lang='lat' dir='ltr'>quo</span> <span class='ocrx_word' id='word_1_277' title='bbox 424 2257 618 2288; x_wconf 84' lang='lat' dir='ltr'>Acidalius:</span> <span class='ocrx_word' id='word_1_278' title='bbox 657 2269 698 2288; x_wconf 86' lang='lat' dir='ltr'>eo</span> <span class='ocrx_word' id='word_1_279' title='bbox 723 2269 788 2297; x_wconf 92' lang='lat' dir='ltr'>quo</span> <span class='ocrx_word' id='word_1_280' title='bbox 816 2258 924 2288; x_wconf 84' lang='lat' dir='ltr'>Halm</span> <span class='ocrx_word' id='word_1_281' title='bbox 955 2263 1009 2297; x_wconf 84' lang='lat' dir='ltr'>(eo</span> <span class='ocrx_word' id='word_1_282' title='bbox 1036 2260 1104 2289; x_wconf 83' lang='lat' dir='ltr'>iam</span> <span class='ocrx_word' id='word_1_283' title='bbox 1134 2259 1226 2295; x_wconf 83' lang='lat' dir='ltr'>Voss)</span> <span class='ocrx_word' id='word_1_284' title='bbox 1386 2271 1422 2299; x_wconf 86' lang='lat'>14</span> <span class='ocrx_word' id='word_1_285' title='bbox 1447 2261 1594 2292; x_wconf 86' lang='lat' dir='ltr'>obsessis</span> 
     </span>
     <span class='ocr_line' id='line_1_35' title="bbox 273 2299 1599 2335; baseline 0.005 -7"><span class='ocrx_word' id='word_1_286' title='bbox 273 2305 343 2329; x_wconf 87' lang='lat' dir='ltr'>erat</span> <span class='ocrx_word' id='word_1_287' title='bbox 367 2299 418 2330; x_wconf 83' lang='lat' dir='ltr'>P:</span> <span class='ocrx_word' id='word_1_288' title='bbox 454 2301 647 2331; x_wconf 88' lang='lat' dir='ltr'>obsesserat</span> <span class='ocrx_word' id='word_1_289' title='bbox 670 2302 703 2330; x_wconf 86' lang='lat' dir='ltr'><em>A</em></span> <span class='ocrx_word' id='word_1_290' title='bbox 856 2304 895 2332; x_wconf 86' lang='lat'>16</span> <span class='ocrx_word' id='word_1_291' title='bbox 918 2303 1004 2333; x_wconf 88' lang='lat' dir='ltr'>conl.</span> <span class='ocrx_word' id='word_1_292' title='bbox 1028 2302 1099 2332; x_wconf 88' lang='grc' dir='ltr'>ΑΡ</span> <span class='ocrx_word' id='word_1_293' title='bbox 1185 2304 1324 2334; x_wconf 86' lang='lat' dir='ltr'>consule</span> <span class='ocrx_word' id='word_1_294' title='bbox 1347 2304 1405 2334; x_wconf 87' lang='lat' dir='ltr'>A:</span> <span class='ocrx_word' id='word_1_295' title='bbox 1440 2305 1537 2335; x_wconf 88' lang='lat' dir='ltr'>COS.</span> <span class='ocrx_word' id='word_1_296' title='bbox 1566 2304 1599 2334; x_wconf 91' lang='grc' dir='ltr'><em>Ρ</em></span> 
     </span>
     <span class='ocr_line' id='line_1_36' title="bbox 274 2342 1594 2387; baseline 0.005 -15"><span class='ocrx_word' id='word_1_297' title='bbox 274 2343 311 2371; x_wconf 85' lang='lat'>18</span> <span class='ocrx_word' id='word_1_298' title='bbox 337 2342 580 2382; x_wconf 83' lang='lat' dir='ltr'>Hispaniensis</span> <span class='ocrx_word' id='word_1_299' title='bbox 597 2345 749 2384; x_wconf 80' lang='lat' dir='ltr'>Lipsius:</span> <span class='ocrx_word' id='word_1_300' title='bbox 775 2345 962 2384; x_wconf 88' lang='lat' dir='ltr'>Hispaniae</span> <span class='ocrx_word' id='word_1_301' title='bbox 983 2346 1085 2376; x_wconf 88' lang='lat' dir='ltr'>Asiae</span> <span class='ocrx_word' id='word_1_302' title='bbox 1102 2346 1190 2376; x_wconf 81' lang='lat' dir='ltr'>AP:</span> <span class='ocrx_word' id='word_1_303' title='bbox 1217 2347 1391 2386; x_wconf 86' lang='lat' dir='ltr'>Hispanae</span> <span class='ocrx_word' id='word_1_304' title='bbox 1416 2349 1594 2387; x_wconf 89' lang='lat' dir='ltr'>prosapiae</span> 
     </span>
     <span class='ocr_line' id='line_1_37' title="bbox 278 2385 1595 2430; baseline 0.005 -15"><span class='ocrx_word' id='word_1_305' title='bbox 278 2385 429 2417; x_wconf 84' lang='lat' dir='ltr'>leomas.</span> <span class='ocrx_word' id='word_1_306' title='bbox 470 2387 579 2417; x_wconf 70' lang='lat' dir='ltr'>Burer</span> <span class='ocrx_word' id='word_1_307' title='bbox 591 2388 761 2417; x_wconf 75' lang='lat' dir='ltr'>aduolauit</span> <span class='ocrx_word' id='word_1_308' title='bbox 779 2392 786 2404; x_wconf 83' lang='lat'><em>‘</em></span> <span class='ocrx_word' id='word_1_309' title='bbox 799 2390 882 2418; x_wconf 76' lang='lat' dir='ltr'>mihi</span> <span class='ocrx_word' id='word_1_310' title='bbox 895 2389 1065 2429; x_wconf 81' lang='lat' dir='ltr'>legendum</span> <span class='ocrx_word' id='word_1_311' title='bbox 1084 2390 1211 2419; x_wconf 78' lang='lat' dir='ltr'>uidetur</span> <span class='ocrx_word' id='word_1_312' title='bbox 1225 2401 1292 2421; x_wconf 90' lang='lat' dir='ltr'>non</span> <span class='ocrx_word' id='word_1_313' title='bbox 1308 2391 1495 2430; x_wconf 85' lang='lat' dir='ltr'>Hispaniae</span> <span class='ocrx_word' id='word_1_314' title='bbox 1513 2402 1595 2422; x_wconf 87' lang='lat' dir='ltr'>suae</span> 
     </span>
     <span class='ocr_line' id='line_1_38' title="bbox 274 2428 1192 2471; baseline 0.004 -12"><span class='ocrx_word' id='word_1_315' title='bbox 274 2435 371 2459; x_wconf 85' lang='lat' dir='ltr'>natus</span> <span class='ocrx_word' id='word_1_316' title='bbox 384 2428 413 2460; x_wconf 89' lang='lat'>‘:</span> <span class='ocrx_word' id='word_1_317' title='bbox 438 2441 505 2461; x_wconf 89' lang='lat' dir='ltr'>non</span> <span class='ocrx_word' id='word_1_318' title='bbox 531 2431 707 2462; x_wconf 89' lang='lat' dir='ltr'>Romanus</span> <span class='ocrx_word' id='word_1_319' title='bbox 725 2432 756 2461; x_wconf 92' lang='lat' dir='ltr'>in</span> <span class='ocrx_word' id='word_1_320' title='bbox 776 2432 941 2471; x_wconf 81' lang='lat' dir='ltr'>Hispania</span> <span class='ocrx_word' id='word_1_321' title='bbox 965 2438 1061 2463; x_wconf 88' lang='lat' dir='ltr'>natus</span> <span class='ocrx_word' id='word_1_322' title='bbox 1077 2432 1192 2464; x_wconf 82' lang='lat' dir='ltr'>Nova&#39;k</span> 
     </span>
    </p>
   </div>
   <div class='ocr_carea' id='block_1_4' title="bbox 917 2543 956 2576">
    <p class='ocr_par' dir='ltr' id='par_1_9' title="bbox 917 2543 956 2576">
     <span class='ocr_line' id='line_1_39' title="bbox 917 2543 956 2576; baseline 0 -10"><span class='ocrx_word' id='word_1_323' title='bbox 917 2543 956 2576; x_wconf 86' lang='grc'>70</span> 
     </span>
    </p>
   </div>
   <div class='ocr_carea' id='block_1_5' title="bbox 1616 920 1653 941">
    <p class='ocr_par' dir='ltr' id='par_1_10' title="bbox 1616 920 1653 941">
     <span class='ocr_line' id='line_1_40' title="bbox 1616 920 1653 941; baseline -0.027 0"><span class='ocrx_word' id='word_1_324' title='bbox 1616 920 1653 941; x_wconf 93' lang='lat'>10</span> 
     </span>
    </p>
   </div>
   <div class='ocr_carea' id='block_1_6' title="bbox 1618 1244 1653 1276">
    <p class='ocr_par' dir='ltr' id='par_1_11' title="bbox 1618 1244 1653 1276">
     <span class='ocr_line' id='line_1_41' title="bbox 1618 1244 1653 1276; baseline 0 0"><span class='ocrx_word' id='word_1_325' title='bbox 1618 1244 1653 1276; x_wconf 82' lang='grc' dir='ltr'>ι5</span> 
     </span>
    </p>
   </div>
   <div class='ocr_carea' id='block_1_7' title="bbox 1617 1567 1655 1588">
    <p class='ocr_par' dir='ltr' id='par_1_12' title="bbox 1617 1567 1655 1588">
     <span class='ocr_line' id='line_1_42' title="bbox 1617 1567 1655 1588; baseline 0 0"><span class='ocrx_word' id='word_1_326' title='bbox 1617 1567 1655 1588; x_wconf 84' lang='grc'>20</span> 
     </span>
    </p>
   </div>
  </div>
 </body>
</html>
