1799 2864
623 235 827 273 VELLEI
860 235 1176 275 PATERCVLI

195 350 217 388 7
290 346 414 383 Hunc
444 344 503 384 Ti.
528 346 695 384 Gracchi
726 346 847 394 liberi,
880 349 920 385 P.
953 347 1146 397 Scipionis
1179 347 1350 385 Africani
1382 354 1558 396 nepotes,

237 408 328 447 uiua
370 410 502 448 adhuc
539 418 661 449 matre
709 411 903 458 Cornelia,
944 412 1116 450 Africani
1163 412 1251 459 filia,
1292 411 1362 450 uiri
1402 411 1560 461 optimis

237 473 401 523 ingeniis
431 476 533 513 male
561 475 632 523 usi,
654 475 758 514 uitae
787 476 1002 526 mortisque
1032 477 1204 515 habuere
1228 476 1397 515 exitum:
1432 476 1499 526 qui
1529 476 1561 514 si

237 538 393 577 ciuilem
431 539 630 589 dignitatis
661 540 939 590 concupissent
978 542 1153 588 modum,
1189 541 1383 592 quidquid
1422 542 1562 579 tumul-

237 604 386 642 tuando
423 603 587 653 adipisci
624 604 847 654 gestierunt,
881 604 1022 654 quietis
1055 605 1260 644 obtulisset
1294 619 1353 644 res
1391 605 1558 655 publica.
1582 621 1597 652 ,-

200 680 214 700 2
237 667 327 706 huic
364 668 556 707 atrocitati
593 669 791 707 adiectum
830 670 956 708 scelus
995 669 1166 708 unicum.
1225 670 1371 720 quippe
1408 670 1562 709 iuuenis

236 732 366 781 specie
392 735 586 772 excellens
612 735 782 772 necdum
810 734 1178 772 duodeuicesimum
1209 742 1468 784 transgressus
1498 749 1563 773 an-

237 811 331 835 num
379 797 631 848 inmunisque
677 798 910 836 delictorum
957 806 1220 848 paternorum,
1270 799 1384 837 Fului
1433 800 1561 838 Flacci

237 862 348 909 filius,
389 876 507 912 quem
544 870 654 912 pater
691 864 861 912 legatum
895 864 946 901 de
976 863 1278 901 condicionibus
1312 863 1479 911 miserat,
1511 865 1562 903 ab

237 926 398 975 Opimio
418 927 674 977 interemptus
694 935 762 965 est.
821 941 940 978 quem
961 941 1051 966 cum
1078 929 1270 977 haruspex
1296 929 1450 966 Tuscus
1470 928 1563 966 ami·

236 1004 304 1029 cus
338 992 497 1029 flentem
531 991 571 1029 in
605 991 763 1029 uincula
793 992 885 1030 duci
916 991 1089 1039 uidisset,
1112 992 1207 1042 quin
1239 1000 1280 1030 tu
1312 993 1388 1030 hoc
1418 992 1561 1042 potius,

236 1055 373 1105 inquit,
395 1055 519 1094 facis?
564 1056 822 1106 protinusque
842 1056 957 1095 inliso
978 1056 1105 1106 capite
1128 1056 1168 1094 in
1188 1065 1342 1106 postem
1364 1057 1563 1106 lapideum

200 1125 217 1153 3
236 1120 375 1159 ianuae
405 1120 568 1159 carceris
602 1122 805 1170 effusoque
837 1121 998 1159 cerebro
1029 1120 1247 1170 exspirauit.
1307 1122 1564 1171 crudelesque

238 1199 327 1224 mox
348 1185 599 1235 quaestiones
623 1185 662 1223 in
689 1185 837 1223 amicos
864 1185 1096 1235 clientisque
1117 1187 1385 1224 Gracchorum
1407 1186 1563 1224 habitae

1790 0 1799 36 ..a

1794 327 1799 340 Α
1791 162 1799 299 -.4-.--

238 1258 337 1288 sunt.
397 1251 467 1288 sed
501 1250 717 1299 Opimium,
753 1249 879 1288 uirum
913 1249 1060 1299 alioqui
1098 1258 1278 1288 sanctum
1317 1258 1354 1288 et
1391 1263 1562 1299 grauem,
1609 1269 1625 1298 5

238 1316 468 1352 damnatum
491 1322 629 1364 postea
654 1314 801 1353 iudicio
828 1314 988 1364 publico
1019 1314 1209 1352 memoria
1239 1314 1349 1352 istius
1380 1313 1566 1352 saeuitiae

196 1399 215 1426 4
238 1380 343 1417 nulla
372 1378 497 1417 ciuilis
523 1386 732 1429 prosecuta
762 1386 819 1417 est
851 1378 1126 1417 misericordia.
1185 1379 1325 1417 eadem
1361 1378 1565 1428 Rupilium

240 1443 525 1493 Popiliumque,
565 1443 633 1493 qui
672 1445 852 1482 consules
896 1443 1107 1493 asperrime
1145 1442 1185 1481 in
1224 1443 1358 1481 Tiberi
1397 1443 1566 1481 Gracchi

236 1508 384 1546 amicos
422 1507 651 1555 saeuierant‚
691 1516 829 1557 postea
866 1507 1100 1546 iudiciorum
1139 1507 1386 1557 publicorum
1426 1507 1566 1546 merito

235 1572 428 1622 oppressit
451 1572 610 1611 inuidia.
669 1572 723 1610 rei
754 1580 884 1610 tantae
910 1585 1048 1622 parum
1077 1573 1128 1610 ad
1157 1572 1335 1610 notitiam
1365 1572 1565 1622 pertinens

199 1650 214 1678 5
236 1638 513 1687 interponetur.
572 1636 636 1675 hic
675 1644 732 1675 est
766 1636 960 1686 Opimius,
995 1650 1018 1674 a
1056 1650 1136 1686 quo
1170 1638 1332 1675 consule
1366 1636 1566 1675 celeberri-

237 1715 345 1739 mum
394 1700 596 1751 Opimiani
642 1701 724 1739 uini
771 1715 944 1749 nomen:
999 1702 1108 1751 quod
1155 1701 1232 1739 iam
1281 1702 1432 1739 nullum
1480 1714 1565 1739 esse

237 1766 363 1815 spatio
400 1779 594 1804 annorum
639 1765 768 1815 colligi
810 1773 951 1815 potest,
996 1779 1087 1803 cum
1127 1766 1177 1804 ab
1218 1779 1266 1804 eo
1310 1765 1386 1804 sint
1424 1766 1475 1804 ad
1513 1774 1563 1812 te,

197 1833 293 1869 6M.
330 1830 472 1877 Vinici,
519 1832 722 1868 consulem
770 1830 862 1868 anni
910 1835 1022 1868 †CL1.
1098 1831 1244 1869 factum
1288 1830 1434 1880 Opimi,
1483 1844 1563 1881 quo

237 1894 526 1933 inimicitiarum
556 1894 732 1945 quaesita
763 1902 842 1933 erat
876 1895 984 1942 ultio,
1017 1894 1145 1933 minor
1175 1902 1309 1933 secuta
1341 1895 1563 1942 auctoritas,
1608 1906 1622 1936 .-

662 1996 706 2023 Sci
730 2017 735 2022 .

285 2042 297 2062 1
323 2031 392 2072 Ti.]
420 2031 457 2063 C.
477 2030 547 2061 ΑΡ
634 2030 671 2062 Ρ.
710 2006 878 2061 pAfricani
896 2031 929 2061 A
957 2031 1025 2070 (sici
1161 2041 1180 2061 2
1204 2030 1357 2061 Africani
1383 2031 1449 2061 filia
1478 2032 1567 2061 uncis

238 2074 416 2105 includebat
431 2074 563 2113 Bentley
578 2078 703 2104 secutus
722 2075 901 2104 Heinsium
1033 2085 1052 2112 4
1077 2074 1262 2113 dignitates
1279 2076 1311 2104 A
1403 2074 1565 2113 quidquid

241 2121 269 2149 A
287 2129 294 2148 :
320 2117 480 2157 quicquid
496 2117 530 2147 P
624 2118 644 2147 8
666 2118 823 2157 imunisq.
843 2118 876 2148 A
978 2117 1066 2147 imm.
1083 2117 1116 2148 P
1221 2127 1258 2147 12
1283 2122 1414 2157 postem
1433 2117 1566 2148 Aldus:

237 2166 376 2201 pontem
391 2161 463 2191 ΑΡ
586 2171 624 2200 13
647 2172 723 2200 exp.
743 2161 776 2190 P
840 2161 1050 2200 crudelisque
1062 2161 1107 2200 A,
1122 2161 1268 2191 crudelis
1285 2172 1392 2200 aeque
1409 2161 1567 2191 Heinsius

235 2205 324 2245 prob.
337 2205 470 2244 Bentley
576 2214 614 2243 14
639 2205 846 2244 clientesque
862 2204 934 2235 ΑΡ
1044 2214 1081 2244 15
1105 2204 1252 2244 alioquin
1271 2205 1316 2242 A,
1332 2205 1389 2235 sed
1403 2204 1435 2235 ii.
1455 2214 1484 2234 2.
1503 2215 1522 2234 2
1538 2208 1568 2233 et

237 2260 286 2288 33.
315 2260 334 2287 4
358 2247 484 2288 alioqui
511 2258 595 2279 sane
619 2253 689 2278 tum
713 2254 872 2288 suprascr.
897 2253 1051 2278 sanctum
1066 2248 1103 2277 >A
1225 2249 1263 2278 16
1287 2248 1382 2279 istius
1409 2247 1566 2278 Cludius:

239 2293 344 2331 ipsius
361 2291 431 2322 ΑΡ
487 2292 639 2322 seuetiae
663 2291 696 2321 A
774 2302 809 2330 17
836 2297 1015 2331 persecuta
1031 2291 1107 2331 ΑΡ,
1126 2302 1187 2322 em.
1208 2291 1344 2322 Cludius
1402 2291 1565 2322 Rutilium

239 2336 313 2373 ΑΡ,
333 2346 395 2366 em.
413 2335 525 2365 Aldus
647 2336 686 2365 18
709 2335 834 2365 Tiberii
852 2335 884 2365 P
985 2345 1028 2366 20
1051 2336 1083 2365 id
1103 2338 1179 2375 post
1194 2345 1314 2375 parum
1337 2334 1412 2365 add.
1435 2334 1567 2373 Bentley

239 2389 275 2409 21
305 2379 542 2419 interponatur
556 2378 716 2409 Heinsius
730 2382 759 2408 et
774 2379 906 2418 Bentley
1031 2389 1072 2408 22
1096 2378 1165 2408 uini
1184 2389 1289 2419 marg.
1307 2378 1340 2408 A
1358 2389 1365 2408 :
1390 2377 1490 2408 uicini
1507 2377 1540 2406 A
1559 2388 1566 2407 ε

240 2423 303 2453 uici
322 2423 355 2452 P
426 2433 467 2462 23
490 2423 559 2453 sint
576 2422 641 2452 BA
659 2433 666 2452 :
690 2432 756 2453 om.
773 2422 806 2452 Ρ
874 2432 915 2460 24
938 2432 992 2453 cm
1008 2422 1097 2452 AP:
1121 2431 1161 2452 eL
1178 2422 1311 2452 Aldus:
1335 2431 1402 2452 cui
1422 2421 1568 2452 Laurent

241 2465 353 2505 Opimi
369 2466 439 2497 ΑΡ
524 2466 614 2505 quod
630 2464 719 2496 AP:
742 2476 808 2504 quo
826 2465 984 2497 Heinsius
997 2469 1027 2496 et
1043 2465 1173 2505 Bentley

885 2562 922 2592 26
