1799 2864
466 195 525 232 IN
556 194 846 231 VELLEIVM
876 194 1257 232 PATERCVLVM

249 305 353 338 Haec
372 304 423 339 sic
441 304 668 349 interpretor,
689 303 789 338 Caeli
809 315 1004 348 personam
1024 304 1201 338 eiusmodi
1220 304 1330 338 fuisse
1349 305 1382 338 h.
1399 316 1427 339 e.
1448 311 1521 338 tani

200 369 325 396 notam
344 363 515 397 omnibus
534 370 571 397 ut
595 362 691 407 quod
716 362 763 395 ab
790 373 833 396 eo
859 362 994 395 sactum
1021 369 1075 396 est
1097 374 1169 396 non
1193 371 1316 406 posset
1335 362 1521 396 obscurari

198 421 302 465 quasi
329 433 368 455 re
395 432 482 455 uera
507 432 580 454 non
604 420 810 454 accidisset.
858 420 946 454 ‘Let
971 431 1029 453 me
1056 421 1142 454 here
1167 421 1294 454 record
1320 432 1342 454 a
1368 421 1522 454 circum-

199 485 325 512 stance
340 477 457 512 which
471 489 544 511 was
560 477 715 511 omitted
731 477 766 510 in
782 477 827 511 its
845 489 978 521 proper
992 478 1116 521 place:
1141 477 1242 511 since
1258 478 1319 511 the
1335 478 1522 511 character

197 537 236 569 of
258 537 318 570 the
343 548 476 581 person
502 537 590 570 does
616 541 681 569 not
706 535 822 569 admit
848 536 890 569 of
909 547 931 569 a
956 536 1030 569 real
1056 535 1128 569 fact
1154 535 1266 579 being
1290 536 1374 579 kept
1400 535 1435 568 in
1460 535 1522 569 the

196 595 311 629 dark.’

243 655 295 688 68
318 662 330 686 1
363 654 416 686 M.
436 652 582 686 Caelius
604 651 659 685 uir
680 651 825 696 eloquio
848 651 1044 696 animoque
1065 650 1214 685 Curioni
1239 650 1431 684 similimus
1455 651 1521 684 sed

196 711 231 744 in
251 717 402 754 utroque
422 709 613 754 perfectior
634 720 703 742 nec
721 709 842 743 minus
870 708 1057 752 ingeniose
1083 719 1240 752 nequam
1261 719 1344 741 cum
1362 707 1521 741 {modica

195 767 343 812 quidem
377 767 513 802 seruari
549 773 674 811 posset
707 766 843 810 quippe
876 766 979 810 peior
1012 766 1061 799 illi
1097 777 1153 800 res
1186 764 1375 799 familiaris
1409 776 1520 809 quam

196 838 299 861 mens
317 833 394 860 erat
414 825 449 859 in
469 832 638 870 praetura
656 836 835 858 nouarum
853 825 1058 858 tabularum
1077 830 1202 858 auctor
1219 823 1346 857 extitit.
1365 823 1412 856 A.

241 883 443 918 inmodica
474 884 530 918 P:
575 895 621 917 ne
656 882 692 916 in
722 883 869 917 modica
903 882 1052 927 quidem
1084 881 1187 927 [fide]
1224 881 1360 916 seruari
1395 888 1520 925 posset

193 942 368 987 llffadmg.

244 1002 388 1035 Incerta
416 1006 471 1034 est
504 1001 714 1035 emendatio
743 1000 919 1042 Maduici,
946 1012 1014 1034 nec
1040 1000 1139 1034 uiam
1164 1011 1281 1034 nouae
1308 999 1520 1044 praecludit.

196 1058 367 1103 Duplicia
385 1059 593 1102 temptarim
609 1070 616 1093 :
645 1066 706 1092 aut
728 1058 778 1102 (1)
799 1070 881 1092 cum
901 1070 945 1091 ne
959 1058 1103 1092 modica
1121 1058 1268 1103 quidem
1285 1057 1441 1102 [soluere
1459 1056 1517 1100 ac]

192 1117 329 1151 seruari
356 1124 491 1161 posset,
520 1117 553 1150 h.
569 1128 599 1151 e.
631 1117 816 1151 modicam
844 1124 987 1161 partem
1014 1117 1161 1151 debitae
1187 1117 1374 1161 pecuniae,
1402 1122 1441 1150 ut
1466 1116 1520 1150 sic

192 1174 293 1208 fieret
327 1173 568 1218 compositi03
613 1174 664 1216 (2)
692 1186 736 1207 ne
761 1174 907 1208 modica
933 1174 1082 1218 quidem
1112 1175 1259 1207 eiurare
1284 1181 1421 1218 posset,
1441 1174 1475 1207 h.
1489 1186 1518 1208 e.

191 1231 267 1265 iure
283 1231 435 1265 iurando
451 1230 610 1275 profiteri
632 1243 671 1265 se
689 1243 734 1264 ne
758 1231 904 1265 modica
923 1231 1073 1276 quidem
1101 1231 1278 1265 soluendo
1297 1243 1389 1265 esse.
1425 1242 1520 1276 quae

191 1288 326 1322 locutio
345 1288 393 1322 ad
411 1287 644 1322 notissimum
664 1289 751 1322 illud
770 1290 918 1322 eiurare
936 1289 1064 1322 bonam
1081 1290 1222 1333 copiam
1246 1289 1518 1323 accommodari

217 1352 318 1380 otuit.

191 1357 214 1391 p
238 1405 278 1436 in
304 1414 386 1436 cum
420 1414 464 1436 ne
496 1409 745 1447 permutatum
771 1403 916 1437 uidetur
950 1403 1024 1437 116.
1058 1412 1072 1436 1
1102 1402 1162 1436 ubi
1197 1402 1233 1436 in
1267 1403 1301 1436 A
1331 1409 1386 1436 est
1410 1409 1459 1438 ne
1483 1403 1518 1437 in

190 1461 324 1494 multos
350 1459 442 1503 (sic).

237 1520 287 1552 68
308 1528 328 1551 2
356 1517 390 1551 in
410 1518 498 1552 urbe
517 1517 737 1552 seditionem
761 1518 859 1552 haud
878 1517 995 1562 magis
1019 1518 1160 1552 occulte
1185 1517 1353 1552 bellicum
1382 1520 1515 1553 tumul-

190 1583 266 1609 tum
286 1587 439 1610 mouens
457 1576 505 1609 A.

240 1634 439 1677 Postquam
457 1634 578 1678 magis
597 1632 740 1677 Lipsius
767 1633 939 1668 intellexit
958 1635 998 1667 in
1016 1635 1120 1678 agris
1143 1633 1400 1677 corrigendum
1419 1645 1514 1676 esse,

188 1691 432 1726 Ruhnkenius
458 1691 564 1724 lzazcd
589 1690 624 1725 in
655 1696 695 1724 at
719 1692 885 1733 mutauit,
913 1692 1021 1736 idque
1049 1691 1182 1735 recepit
1212 1691 1377 1725 Kritzius.
1442 1693 1516 1726 Sed

190 1750 304 1783 multo
334 1749 530 1793 speciosior
557 1756 610 1783 est
640 1749 849 1784 coniectura
880 1749 1104 1784 Mommseni
1138 1750 1245 1783 leand
1270 1757 1354 1784 ante
1382 1751 1517 1784 occulte

190 1807 470 1851 transponentis‚
491 1808 529 1840 in
548 1809 654 1852 agris
670 1807 776 1841 haud
789 1809 921 1842 occulte
939 1809 1104 1842 bellicum
1123 1809 1324 1842 lmmdmm
1342 1820 1492 1842 mouens
1506 1821 1514 1849 ;

189 1876 274 1899 nam
301 1866 443 1899 Romae
470 1873 612 1910 praeter
638 1866 856 1901 seditionem
882 1867 971 1900 nihil
1003 1878 1112 1900 ausus
1139 1873 1195 1901 est
1228 1866 1387 1909 Caelius,
1414 1874 1450 1901 at
1478 1867 1513 1901 in

188 1923 285 1967 agris
311 1924 432 1967 palam
459 1923 594 1957 bellum
616 1924 745 1967 ciebat,
765 1925 877 1959 misso
905 1925 941 1959 in
961 1925 1165 1959 Thurinum
1189 1925 1238 1959 ad
1264 1925 1514 1960 sollicitandos

188 1988 354 2026 pastores
375 1981 519 2016 Milone.

237 2040 461 2075 Mommseni
481 2041 777 2076 emendationem
796 2048 830 2076 et
852 2041 1014 2076 Haasius
1033 2048 1068 2076 et
1090 2041 1261 2075 Halmius
1286 2048 1514 2085 receperunt,

189 2106 224 2133 et
243 2099 453 2140 nouissime,
468 2100 507 2134 F.
531 2100 575 2134 E.
595 2101 806 2134 Rockwood
826 2100 863 2133 in
880 2101 936 2134 ed.
955 2099 1176 2134 Americana
1197 2101 1364 2143 (Bostom
1388 2100 1502 2142 1893).

236 2159 291 2200 69
310 2167 329 2191 2
358 2158 398 2191 C.
426 2157 572 2192 Cassius
592 2184 600 2192 .
619 2185 627 2192 .
647 2185 654 2193 .
675 2158 854 2193 inclusum
886 2159 1122 2192 Dolabellam
1152 2157 1213 2202 qui
1246 2164 1515 2202 praeoccupata

187 2214 277 2248 Asia
303 2214 337 2248 in
366 2214 507 2258 Syriam
534 2224 750 2260 peruenerat
779 2215 953 2250 Laodicia
979 2223 1164 2261 expugnat
1195 2228 1238 2250 ea
1264 2215 1352 2249 urbe
1377 2215 1513 2249 fecerat

187 2272 236 2307 ita
255 2279 377 2307 tamen
397 2280 434 2307 ut
453 2272 635 2307 adiectum
655 2273 750 2308 serui
769 2273 824 2308 sui
843 2274 1038 2308 Dolabella
1056 2286 1129 2308 non
1148 2272 1308 2317 segniter
1333 2272 1511 2307 ceruicem

188 2330 292 2364 daret
310 2337 344 2365 et
363 2330 490 2364 decem
509 2330 668 2375 legiones
688 2330 722 2365 in
740 2343 784 2366 eo
802 2339 918 2366 tractu
936 2331 991 2366 sui
1010 2331 1094 2366 iuris
1112 2332 1257 2365 fecerat.
1276 2331 1325 2364 A.

238 2388 410 2423 Laodicia
437 2397 621 2434 expugnat
646 2391 772 2424 Bzcrer
795 2394 949 2424 testatus
973 2394 1026 2424 est
1049 2392 1088 2424 z'n
1113 2390 1355 2424 Murbacensz‘
1366 2388 1511 2433 smlfse:

189 2447 411 2482 Laodiceam
424 2455 630 2492 expugnata
641 2449 686 2484 P.
779 2448 917 2484 fecerat
935 2448 984 2483 ita
1002 2455 1125 2483 tamen
1144 2454 1181 2482 ut
1201 2446 1383 2482 adiectum
1401 2448 1512 2481 eliam

818 2514 879 2555 167
