1799 2864
470 239 531 276 IN
560 237 851 276 VELLEIVM
882 236 1215 275 PATERCVLV
1219 235 1262 272 M

210 359 237 382 s.
257 346 276 382 i.
294 359 328 393 q.
347 359 380 383 a.
398 347 418 382 i.
436 358 470 382 u.
487 358 518 382 e.
535 358 571 391 q.
588 358 621 381 a.
640 357 671 381 o.
690 346 713 381 f.
732 357 766 390 p.
784 357 814 379 e.
833 356 865 380 a.
884 356 917 380 u.
935 345 970 379 h.
989 357 1023 379 n.
1042 345 1061 379 i.
1081 356 1115 389 p.
1178 345 1221 378 In
1252 344 1379 378 urbem
1408 354 1529 377 reuer-

209 417 270 440 sus
288 407 383 440 κ.τ.λ.
712 427 763 452 sub

256 474 319 497 122
339 473 358 496 2
385 469 420 496 et
446 468 529 506 post
563 461 703 495 cladem
725 458 754 507 β
780 461 879 494 Varo
913 466 1101 503 acceptam
1135 459 1246 493 totius
1286 458 1531 503 prosperrimo

208 532 329 554 rerum
347 526 478 554 euentu
505 519 636 554 eadem
655 519 775 554 excisa
802 517 1000 553 Germania
1025 517 1251 561 triumphum
1279 517 1410 551 summi
1428 516 1531 550 ducis

209 577 380 612 adornari
397 577 572 613 debuerit.
590 577 641 612 A.

257 637 323 670 sub
341 637 386 670 Ρ.
467 647 579 680 ocyus
598 637 642 678 Ρ,
659 636 724 669 sed
737 637 864 670 Bm‘er
879 635 1077 669 aduolauit
1094 634 1101 650 ‘
1115 645 1167 668 ex.
1183 640 1254 668 uet.
1269 633 1379 666 habet
1398 632 1533 666 totius?

207 693 393 737 triumphu
427 693 483 727 P:
527 693 733 738 triumphus
766 694 958 727 Heinsius.
1024 692 1204 726 adornare
1238 692 1283 733 P,
1318 691 1382 724 sed
1408 691 1535 724 Burer

207 751 404 784 aduolauit
422 751 430 767 ‘
443 763 497 786 ex.
517 762 572 786 ue.
591 752 703 786 habet
721 751 891 785 adornari
911 749 1076 785 debuerit
1095 750 1171 784 &o³

256 809 368 842 totius
402 808 607 843 Perizonius
640 809 738 853 apud
774 808 901 843 Heins.
943 807 977 841 in
1012 809 1118 841 toties
1150 805 1313 844 correxit,
1346 805 1457 850 quod,
1494 811 1531 838 ut

208 864 345 909 optime
376 866 619 910 excogitatum
649 873 716 908 est,
744 865 791 900 ita
817 877 882 910 per
912 871 1123 910 sequentem
1156 863 1420 908 superlatiuum
1444 865 1533 907 pro-

207 924 388 966 sperrimo
413 934 486 957 non
514 924 668 958 multum
691 923 904 958 infirmatur.
957 924 1189 956 Burmannus
1213 925 1296 955 uolo
1314 922 1423 962 ocius,
1444 920 1534 953 Hal-

210 979 524 1024 niius2exspeclal0
541 982 651 1021 ocius,
670 980 839 1025 praetulit
857 992 864 1023 ;
897 979 1003 1014 nimis
1017 980 1086 1013 hoc
1104 978 1240 1024 prolixe
1258 985 1293 1012 et
1313 977 1534 1012 sententiam

210 1037 290 1080 plus
315 1049 434 1082 aequo
460 1050 633 1082 grauans.
682 1039 855 1073 Fortasse
882 1044 919 1072 ut
946 1037 1005 1072 alii
1030 1038 1125 1071 dicto
1151 1038 1269 1076 cilius,
1296 1036 1347 1070 sic
1371 1035 1535 1070 Velleius

210 1099 294 1128 uoto
309 1097 416 1129 citius
429 1096 489 1130 hic
502 1096 708 1141 scripserat.
746 1107 832 1130 nam
851 1097 950 1131 acius
966 1107 1042 1129 non
1062 1094 1216 1129 occurrit
1231 1094 1327 1138 apud
1342 1095 1376 1127 V
1378 1092 1538 1134 elleium‚

209 1154 319 1186 cilius
336 1152 402 1195 bis,
421 1155 466 1188 66
483 1155 556 1197 fin„
575 1155 631 1198 85.
651 1163 681 1199 5.

258 1221 323 1253 123
346 1220 360 1244 1
395 1212 532 1246 Caesar
559 1213 747 1255 Augustus
781 1223 865 1246 cum
891 1239 899 1246 .
922 1239 929 1246 .
955 1239 963 1246 .
988 1210 1177 1245 Tiberium
1212 1210 1323 1243 filium
1358 1208 1536 1242 missurus

210 1275 307 1302 esset
326 1268 360 1302 in
381 1269 564 1313 Illyricum
583 1270 629 1304 ab
648 1270 843 1304 formanda
860 1281 951 1314 pace
970 1281 1063 1314 quae
1081 1269 1177 1302 bello
1195 1269 1399 1311 subegerat.
1416 1267 1467 1300 A.

257 1326 304 1360 ad
322 1327 366 1362 Ρ.
462 1328 654 1362 formanda
672 1328 742 1361 BP
759 1340 765 1361 :
793 1327 973 1361 firmanda
990 1328 1118 1360 Burer
1132 1337 1180 1360 ese·
1194 1328 1410 1359 coniectura.

258 1385 431 1419 Fortasse
457 1386 690 1430 affirmando
714 1386 749 1420 h.
762 1397 791 1420 e.
818 1391 856 1419 ut
882 1384 1093 1418 adfirmaret
1111 1395 1213 1428 pace.
1239 1382 1316 1417 Liu.
1335 1381 1427 1416 xxvi.
1446 1391 1501 1423 24.
1517 1390 1535 1423 7

210 1441 297 1475 haec
324 1443 425 1476 dicta
445 1444 703 1487 promissaque
727 1455 749 1476 a
774 1443 941 1476 Romano
964 1443 1184 1486 imperatore
1210 1441 1346 1485 Scopas
1368 1441 1436 1483 qm'
1457 1443 1536 1472 lum

208 1502 363 1545 praetor
371 1502 497 1546 gentis
513 1505 595 1534 erat
616 1505 650 1534 el
672 1500 921 1535 Dorivmclzus
930 1502 1107 1545 princeps
1123 1499 1340 1533 Aetolorum
1359 1498 1536 1542 adfirma-

211 1562 346 1592 nerant
361 1561 581 1593 auclorz'tale
596 1570 675 1593 sua.

259 1627 328 1660 124
350 1626 362 1650 1
393 1616 429 1649 in
458 1627 568 1661 quam
595 1622 676 1650 arto
709 1615 835 1650 salutis
869 1614 898 1649 si
927 1614 1024 1659 (del.)
1053 1613 1222 1658 exitiique
1250 1612 1422 1647 fuerimus
1451 1623 1537 1646 con-

212 1672 307 1708 finio.
324 1674 375 1709 A.

259 1732 400 1765 Erasae
418 1731 559 1766 litterae
577 1739 660 1776 post
678 1731 823 1773 salutis,
839 1742 932 1775 quae
956 1742 987 1764 sz
1006 1742 1053 1764 an
1067 1730 1107 1774 fi
1122 1728 1252 1763 fuerint
1275 1728 1428 1769 haesito,
1449 1727 1476 1761 si
1495 1740 1537 1761 ex

213 1788 450 1823 Murbacensi
463 1801 526 1823 eas
541 1788 591 1823 sic
603 1788 890 1834 repraesentauit
903 1786 1183 1828 Amerbachius,
1198 1785 1369 1830 reliquiae
1385 1793 1537 1829 possunt

211 1857 292 1880 esse
322 1846 489 1880 uocabuli
510 1848 634 1880 simul.
687 1847 740 1881 Cf.
763 1858 857 1891 quae
883 1845 955 1879 dixi
981 1845 1029 1879 ad
1060 1855 1136 1879 111.
1161 1854 1182 1886 4
1207 1845 1323 1878 simul
1349 1844 1538 1877 utz'lzmtis.

212 1905 298 1939 Sall.
316 1905 357 1939 sr.
379 1903 474 1939 Hist.
494 1903 513 1938 i.
532 1905 576 1947 98
594 1905 710 1938 nimio
727 1904 843 1938 simul
857 1907 892 1937 el
908 1905 1045 1937 incerto
1068 1913 1184 1936 onere.

259 1972 324 2005 125
342 1962 364 2004 4'
390 1973 462 2006 quo
496 1961 642 2006 quidem
672 1969 836 2006 tempore
864 1968 899 1995 ut
934 1962 1108 2005 pleraque
1137 1959 1267 2003 ignaue
1297 1958 1538 1993 Germanicus

214 2020 262 2054 ita
282 2021 416 2054 Brutus
435 2020 496 2065 qui
514 2032 536 2054 a
553 2026 657 2065 patre
682 2020 718 2054 in
738 2020 772 2054 id
791 2020 910 2064 ipsum
930 2019 1085 2064 plurimo
1103 2018 1251 2064 quidem
1277 2017 1358 2061 igne
1377 2016 1538 2050 emicans

214 2077 420 2112 incendium
459 2077 622 2112 militaris
657 2079 833 2112 tumultus
867 2077 1000 2111 missus
1041 2084 1118 2110 erat
1153 2076 1276 2120 prisca
1315 2074 1539 2118 antiquaque

214 2135 407 2169 seueritate
433 2147 519 2169 usus
549 2135 721 2180 ancipitia
748 2135 815 2169 sibi
850 2135 976 2168 timere
1008 2145 1117 2178 quam
1146 2133 1312 2176 exemplo
1340 2130 1538 2175 pernitiosa

211 2199 247 2226 et
282 2192 338 2226 his
372 2192 459 2236 ipsis
493 2192 649 2227 militum
682 2191 813 2237 gladiis
848 2192 981 2237 quibus
1015 2192 1186 2226 obsessus
1220 2196 1298 2224 erat
1336 2188 1538 2223 obsidentis

213 2251 380 2285 coercuit.
402 2251 452 2285 Α.

261 2309 390 2352 ignaue
408 2310 517 2342 etiam
532 2309 586 2342 P:
614 2320 733 2352 gnane
747 2308 969 2342 Salmasius.
1030 2309 1164 2341 Brutus
1180 2308 1289 2339 elsam
1308 2306 1342 2338 Ρ
1356 2317 1362 2339 ;
1393 2305 1538 2338 Drusus

215 2367 398 2400 Gelenius.
494 2366 642 2411 quidem
675 2368 785 2401 etlam
815 2367 872 2401 P:
915 2365 1056 2410 pridem
1082 2366 1135 2399 ed.
1160 2365 1308 2409 szonl.
1410 2362 1538 2396 timere

211 2426 321 2458 etiam
340 2425 482 2457 Burer:
509 2431 583 2458 tam
602 2435 640 2458 re
658 2425 701 2459 Ρ.

262 2481 565 2526 Corruptissimus
580 2482 681 2517 locus
696 2489 732 2517 et
746 2493 863 2527 paene
879 2483 1129 2516 conclamatus
1144 2493 1152 2525 ;
1177 2491 1401 2525 quamquain
1415 2479 1539 2514 multis

849 2549 906 2589 189
