<?xml version="1.0" encoding="UTF-8"?>
<!DOCTYPE html PUBLIC "-//W3C//DTD XHTML 1.0 Transitional//EN"
    "http://www.w3.org/TR/xhtml1/DTD/xhtml1-transitional.dtd">
<html xmlns="http://www.w3.org/1999/xhtml" xml:lang="en" lang="en">
 <head>
  <title>
</title>
<meta http-equiv="Content-Type" content="text/html;charset=utf-8" />
  <meta name='ocr-system' content='tesseract 3.04.00' />
  <meta name='ocr-capabilities' content='ocr_page ocr_carea ocr_par ocr_line ocrx_word'/>
</head>
<body>
  <div class='ocr_page' id='page_1' title='image "admvinciumlibrid00velluoft_0161.png"; bbox 0 0 1799 2864; ppageno 0'>
   <div class='ocr_carea' id='block_1_1' title="bbox 122 614 139 645">
    <p class='ocr_par' dir='ltr' id='par_1_1' title="bbox 122 614 139 645">
     <span class='ocr_line' id='line_1_1' title="bbox 122 614 139 645; baseline 0 0"><span class='ocrx_word' id='word_1_1' title='bbox 122 614 139 645; x_wconf 87' lang='lat'>5</span> 
     </span>
    </p>
   </div>
   <div class='ocr_carea' id='block_1_2' title="bbox 102 940 142 962">
    <p class='ocr_par' dir='ltr' id='par_1_2' title="bbox 102 940 142 962">
     <span class='ocr_line' id='line_1_2' title="bbox 102 940 142 962; baseline 0 0"><span class='ocrx_word' id='word_1_2' title='bbox 102 940 142 962; x_wconf 91' lang='lat'><strong>10</strong></span> 
     </span>
    </p>
   </div>
   <div class='ocr_carea' id='block_1_3' title="bbox 102 1258 139 1290">
    <p class='ocr_par' dir='ltr' id='par_1_3' title="bbox 102 1258 139 1290">
     <span class='ocr_line' id='line_1_3' title="bbox 102 1258 139 1290; baseline 0 0"><span class='ocrx_word' id='word_1_3' title='bbox 102 1258 139 1290; x_wconf 83' lang='lat'><strong>15</strong></span> 
     </span>
    </p>
   </div>
   <div class='ocr_carea' id='block_1_4' title="bbox 102 1586 142 1607">
    <p class='ocr_par' dir='ltr' id='par_1_4' title="bbox 102 1586 142 1607">
     <span class='ocr_line' id='line_1_4' title="bbox 102 1586 142 1607; baseline -0.025 0"><span class='ocrx_word' id='word_1_4' title='bbox 102 1586 142 1607; x_wconf 91' lang='lat'><strong>20</strong></span> 
     </span>
    </p>
   </div>
   <div class='ocr_carea' id='block_1_5' title="bbox 699 231 941 268">
    <p class='ocr_par' dir='ltr' id='par_1_5' title="bbox 699 231 941 268">
     <span class='ocr_line' id='line_1_5' title="bbox 699 231 941 268; baseline -0.004 0"><span class='ocrx_word' id='word_1_5' title='bbox 699 232 869 268; x_wconf 90' lang='lat' dir='ltr'>LIBER</span> <span class='ocrx_word' id='word_1_6' title='bbox 900 231 941 268; x_wconf 94' lang='lat' dir='ltr'><strong>II</strong></span> 
     </span>
    </p>
   </div>
   <div class='ocr_carea' id='block_1_6' title="bbox 159 336 1562 1623">
    <p class='ocr_par' dir='ltr' id='par_1_6' title="bbox 159 336 1519 703">
     <span class='ocr_line' id='line_1_6' title="bbox 161 336 1479 389; baseline -0.005 -9"><span class='ocrx_word' id='word_1_7' title='bbox 161 351 241 380; x_wconf 91' lang='lat' dir='ltr'><strong>erat</strong></span> <span class='ocrx_word' id='word_1_8' title='bbox 274 343 313 379; x_wconf 91' lang='lat' dir='ltr'><strong>in</strong></span> <span class='ocrx_word' id='word_1_9' title='bbox 346 340 566 386; x_wconf 84' lang='lat' dir='ltr'>Germania,</span> <span class='ocrx_word' id='word_1_10' title='bbox 602 347 806 389; x_wconf 80' lang='lat' dir='ltr'><strong>praeesset,</strong></span> <span class='ocrx_word' id='word_1_11' title='bbox 842 338 1023 387; x_wconf 84' lang='lat' dir='ltr'><strong>concepit</strong></span> <span class='ocrx_word' id='word_1_12' title='bbox 1062 352 1145 376; x_wconf 86' lang='lat' dir='ltr'><strong>esse</strong></span> <span class='ocrx_word' id='word_1_13' title='bbox 1184 337 1374 383; x_wconf 91' lang='lat' dir='ltr'><strong>homines,</strong></span> <span class='ocrx_word' id='word_1_14' title='bbox 1415 336 1479 385; x_wconf 88' lang='lat' dir='ltr'><strong>qui</strong></span> 
     </span>
     <span class='ocr_line' id='line_1_7' title="bbox 161 402 1480 457; baseline -0.005 -12"><span class='ocrx_word' id='word_1_15' title='bbox 161 407 256 445; x_wconf 86' lang='lat' dir='ltr'>nihil</span> <span class='ocrx_word' id='word_1_16' title='bbox 277 415 426 457; x_wconf 90' lang='lat' dir='ltr'><strong>praeter</strong></span> <span class='ocrx_word' id='word_1_17' title='bbox 445 419 585 444; x_wconf 88' lang='lat' dir='ltr'><strong>uocem</strong></span> <span class='ocrx_word' id='word_1_18' title='bbox 607 405 860 452; x_wconf 81' lang='lat' dir='ltr'><strong>membraque</strong></span> <span class='ocrx_word' id='word_1_19' title='bbox 887 404 1075 441; x_wconf 85' lang='lat' dir='ltr'><strong>haberent</strong></span> <span class='ocrx_word' id='word_1_20' title='bbox 1095 403 1311 449; x_wconf 87' lang='lat' dir='ltr'><strong>hominum,</strong></span> <span class='ocrx_word' id='word_1_21' title='bbox 1334 402 1480 451; x_wconf 83' lang='lat' dir='ltr'><strong>quique</strong></span> 
     </span>
     <span class='ocr_line' id='line_1_8' title="bbox 160 467 1519 521; baseline -0.005 -11"><span class='ocrx_word' id='word_1_22' title='bbox 160 471 296 521; x_wconf 87' lang='lat' dir='ltr'>gladiis</span> <span class='ocrx_word' id='word_1_23' title='bbox 324 470 474 509; x_wconf 86' lang='lat' dir='ltr'><strong>domari</strong></span> <span class='ocrx_word' id='word_1_24' title='bbox 505 483 584 507; x_wconf 91' lang='lat' dir='ltr'><strong>non</strong></span> <span class='ocrx_word' id='word_1_25' title='bbox 616 476 805 518; x_wconf 81' lang='lat' dir='ltr'><strong>poterant,</strong></span> <span class='ocrx_word' id='word_1_26' title='bbox 828 481 943 517; x_wconf 89' lang='lat' dir='ltr'><strong>posse</strong></span> <span class='ocrx_word' id='word_1_27' title='bbox 967 467 1047 505; x_wconf 93' lang='lat' dir='ltr'><strong>iure</strong></span> <span class='ocrx_word' id='word_1_28' title='bbox 1068 467 1238 504; x_wconf 84' lang='lat' dir='ltr'><strong>mulceri.</strong></span> <span class='ocrx_word' id='word_1_29' title='bbox 1297 480 1376 516; x_wconf 89' lang='lat' dir='ltr'><strong>quo</strong></span> <span class='ocrx_word' id='word_1_30' title='bbox 1397 479 1480 515; x_wconf 90' lang='lat' dir='ltr'><strong>pro-</strong></span> <span class='ocrx_word' id='word_1_31' title='bbox 1499 478 1519 503; x_wconf 86' lang='lat'>4</span> 
     </span>
     <span class='ocr_line' id='line_1_9' title="bbox 161 531 1480 586; baseline -0.005 -11"><span class='ocrx_word' id='word_1_32' title='bbox 161 537 289 586; x_wconf 90' lang='lat' dir='ltr'><strong>posito</strong></span> <span class='ocrx_word' id='word_1_33' title='bbox 310 535 480 574; x_wconf 86' lang='lat' dir='ltr'><strong>mediam</strong></span> <span class='ocrx_word' id='word_1_34' title='bbox 507 534 699 583; x_wconf 90' lang='lat' dir='ltr'><strong>ingressus</strong></span> <span class='ocrx_word' id='word_1_35' title='bbox 730 532 981 571; x_wconf 81' lang='lat' dir='ltr'><strong>Germaniam</strong></span> <span class='ocrx_word' id='word_1_36' title='bbox 1005 534 1111 570; x_wconf 91' lang='lat' dir='ltr'><strong>uelut</strong></span> <span class='ocrx_word' id='word_1_37' title='bbox 1132 532 1231 569; x_wconf 91' lang='lat' dir='ltr'><strong>inter</strong></span> <span class='ocrx_word' id='word_1_38' title='bbox 1251 531 1354 569; x_wconf 90' lang='lat' dir='ltr'><strong>uiros</strong></span> <span class='ocrx_word' id='word_1_39' title='bbox 1375 531 1480 580; x_wconf 83' lang='lat' dir='ltr'><strong>pacis</strong></span> 
     </span>
     <span class='ocr_line' id='line_1_10' title="bbox 159 595 1482 650; baseline -0.005 -11"><span class='ocrx_word' id='word_1_40' title='bbox 159 600 364 650; x_wconf 87' lang='lat' dir='ltr'><strong>gaudentis</strong></span> <span class='ocrx_word' id='word_1_41' title='bbox 394 599 602 638; x_wconf 88' lang='lat' dir='ltr'><strong>dulcedine</strong></span> <span class='ocrx_word' id='word_1_42' title='bbox 632 597 963 636; x_wconf 85' lang='lat' dir='ltr'><strong>iurisdictionibus</strong></span> <span class='ocrx_word' id='word_1_43' title='bbox 1001 598 1233 646; x_wconf 87' lang='lat' dir='ltr'><strong>agendoque</strong></span> <span class='ocrx_word' id='word_1_44' title='bbox 1263 610 1332 646; x_wconf 90' lang='lat' dir='ltr'><strong>pro</strong></span> <span class='ocrx_word' id='word_1_45' title='bbox 1366 595 1482 633; x_wconf 92' lang='lat' dir='ltr'><strong>tribu-</strong></span> 
     </span>
     <span class='ocr_line' id='line_1_11' title="bbox 160 655 766 703; baseline -0.005 0"><span class='ocrx_word' id='word_1_46' title='bbox 160 665 237 703; x_wconf 90' lang='lat' dir='ltr'><strong>nali</strong></span> <span class='ocrx_word' id='word_1_47' title='bbox 258 665 394 703; x_wconf 89' lang='lat' dir='ltr'><strong>ordine</strong></span> <span class='ocrx_word' id='word_1_48' title='bbox 414 664 590 702; x_wconf 87' lang='lat' dir='ltr'><strong>trahebat</strong></span> <span class='ocrx_word' id='word_1_49' title='bbox 609 655 766 701; x_wconf 85' lang='lat' dir='ltr'><strong>aestiua.</strong></span> 
     </span>
    </p>

    <p class='ocr_par' dir='ltr' id='par_1_7' title="bbox 160 724 1562 1623">
     <span class='ocr_line' id='line_1_12' title="bbox 214 724 1562 778; baseline -0.004 -11"><span class='ocrx_word' id='word_1_50' title='bbox 214 732 266 767; x_wconf 86' lang='lat' dir='ltr'><strong>At</strong></span> <span class='ocrx_word' id='word_1_51' title='bbox 287 729 351 775; x_wconf 86' lang='lat' dir='ltr'><strong>illi,</strong></span> <span class='ocrx_word' id='word_1_52' title='bbox 378 729 485 778; x_wconf 83' lang='lat' dir='ltr'><strong>quod</strong></span> <span class='ocrx_word' id='word_1_53' title='bbox 515 728 588 765; x_wconf 91' lang='lat' dir='ltr'><strong>nisi</strong></span> <span class='ocrx_word' id='word_1_54' title='bbox 618 735 796 777; x_wconf 87' lang='lat' dir='ltr'><strong>expertus</strong></span> <span class='ocrx_word' id='word_1_55' title='bbox 826 726 888 764; x_wconf 84' lang='lat' dir='ltr'><strong>vix</strong></span> <span class='ocrx_word' id='word_1_56' title='bbox 917 727 1059 772; x_wconf 89' lang='lat' dir='ltr'><strong>credat,</strong></span> <span class='ocrx_word' id='word_1_57' title='bbox 1088 725 1127 763; x_wconf 91' lang='lat' dir='ltr'><strong>in</strong></span> <span class='ocrx_word' id='word_1_58' title='bbox 1154 739 1308 763; x_wconf 87' lang='lat' dir='ltr'><strong>summa</strong></span> <span class='ocrx_word' id='word_1_59' title='bbox 1331 725 1479 763; x_wconf 89' lang='lat' dir='ltr'><strong>feritate</strong></span> <span class='ocrx_word' id='word_1_60' title='bbox 1501 724 1562 761; x_wconf 90' lang='lat'><strong>118</strong></span> 
     </span>
     <span class='ocr_line' id='line_1_13' title="bbox 160 790 1480 841; baseline -0.004 -10"><span class='ocrx_word' id='word_1_61' title='bbox 160 793 414 832; x_wconf 90' lang='lat' dir='ltr'><strong>uersutissimi</strong></span> <span class='ocrx_word' id='word_1_62' title='bbox 452 800 666 841; x_wconf 84' lang='lat' dir='ltr'><strong>natumque</strong></span> <span class='ocrx_word' id='word_1_63' title='bbox 700 791 907 829; x_wconf 88' lang='lat' dir='ltr'><strong>mendacio</strong></span> <span class='ocrx_word' id='word_1_64' title='bbox 938 804 1071 840; x_wconf 85' lang='lat' dir='ltr'><strong>genus,</strong></span> <span class='ocrx_word' id='word_1_65' title='bbox 1107 790 1333 828; x_wconf 82' lang='lat' dir='ltr'><strong>simulantes</strong></span> <span class='ocrx_word' id='word_1_66' title='bbox 1371 790 1480 827; x_wconf 82' lang='lat' dir='ltr'><strong>fictas</strong></span> 
     </span>
     <span class='ocr_line' id='line_1_14' title="bbox 160 855 1478 907; baseline -0.004 -10"><span class='ocrx_word' id='word_1_67' title='bbox 160 859 285 897; x_wconf 86' lang='lat' dir='ltr'><strong>litium</strong></span> <span class='ocrx_word' id='word_1_68' title='bbox 315 858 431 897; x_wconf 91' lang='lat' dir='ltr'><strong>series</strong></span> <span class='ocrx_word' id='word_1_69' title='bbox 461 866 498 897; x_wconf 90' lang='lat' dir='ltr'><strong>et</strong></span> <span class='ocrx_word' id='word_1_70' title='bbox 532 872 637 896; x_wconf 89' lang='lat' dir='ltr'><strong>nunc</strong></span> <span class='ocrx_word' id='word_1_71' title='bbox 668 865 927 907; x_wconf 89' lang='lat' dir='ltr'><strong>prouocantes</strong></span> <span class='ocrx_word' id='word_1_72' title='bbox 958 858 1053 894; x_wconf 85' lang='lat' dir='ltr'><strong>alter</strong></span> <span class='ocrx_word' id='word_1_73' title='bbox 1083 858 1246 894; x_wconf 89' lang='lat' dir='ltr'><strong>alterum</strong></span> <span class='ocrx_word' id='word_1_74' title='bbox 1278 855 1317 893; x_wconf 93' lang='lat' dir='ltr'><strong>in</strong></span> <span class='ocrx_word' id='word_1_75' title='bbox 1349 855 1478 904; x_wconf 86' lang='lat' dir='ltr'><strong>iurgia,</strong></span> 
     </span>
     <span class='ocr_line' id='line_1_15' title="bbox 160 919 1481 973; baseline -0.003 -12"><span class='ocrx_word' id='word_1_76' title='bbox 160 937 266 962; x_wconf 91' lang='lat' dir='ltr'><strong>nunc</strong></span> <span class='ocrx_word' id='word_1_77' title='bbox 303 931 461 973; x_wconf 84' lang='lat' dir='ltr'><strong>agentes</strong></span> <span class='ocrx_word' id='word_1_78' title='bbox 499 923 648 972; x_wconf 84' lang='lat' dir='ltr'><strong>gratias,</strong></span> <span class='ocrx_word' id='word_1_79' title='bbox 689 923 797 971; x_wconf 87' lang='lat' dir='ltr'><strong>quod</strong></span> <span class='ocrx_word' id='word_1_80' title='bbox 845 935 890 959; x_wconf 85' lang='lat' dir='ltr'><strong>ea</strong></span> <span class='ocrx_word' id='word_1_81' title='bbox 938 923 1119 959; x_wconf 87' lang='lat' dir='ltr'><strong>Romana</strong></span> <span class='ocrx_word' id='word_1_82' title='bbox 1166 920 1309 958; x_wconf 85' lang='lat' dir='ltr'><strong>iustitia</strong></span> <span class='ocrx_word' id='word_1_83' title='bbox 1356 919 1481 957; x_wconf 85' lang='lat' dir='ltr'><strong>finiret</strong></span> 
     </span>
     <span class='ocr_line' id='line_1_16' title="bbox 160 985 1481 1038; baseline -0.004 -11"><span class='ocrx_word' id='word_1_84' title='bbox 160 989 367 1038; x_wconf 86' lang='lat' dir='ltr'><strong>feritasque</strong></span> <span class='ocrx_word' id='word_1_85' title='bbox 397 1002 466 1026; x_wconf 90' lang='lat' dir='ltr'><strong>sua</strong></span> <span class='ocrx_word' id='word_1_86' title='bbox 495 988 668 1026; x_wconf 86' lang='lat' dir='ltr'><strong>nouitate</strong></span> <span class='ocrx_word' id='word_1_87' title='bbox 698 986 919 1036; x_wconf 79' lang='lat' dir='ltr'><strong>incognitae</strong></span> <span class='ocrx_word' id='word_1_88' title='bbox 948 986 1176 1035; x_wconf 90' lang='lat' dir='ltr'><strong>disciplinae</strong></span> <span class='ocrx_word' id='word_1_89' title='bbox 1197 985 1415 1023; x_wconf 90' lang='lat' dir='ltr'><strong>mitesceret</strong></span> <span class='ocrx_word' id='word_1_90' title='bbox 1445 992 1481 1022; x_wconf 87' lang='lat' dir='ltr'><strong>et</strong></span> 
     </span>
     <span class='ocr_line' id='line_1_17' title="bbox 160 1051 1483 1098; baseline -0.003 -6"><span class='ocrx_word' id='word_1_91' title='bbox 160 1054 273 1093; x_wconf 88' lang='lat' dir='ltr'><strong>solita</strong></span> <span class='ocrx_word' id='word_1_92' title='bbox 298 1054 414 1092; x_wconf 90' lang='lat' dir='ltr'><strong>armis</strong></span> <span class='ocrx_word' id='word_1_93' title='bbox 444 1053 611 1092; x_wconf 90' lang='lat' dir='ltr'><strong>discerni</strong></span> <span class='ocrx_word' id='word_1_94' title='bbox 641 1053 721 1091; x_wconf 88' lang='lat' dir='ltr'><strong>iure</strong></span> <span class='ocrx_word' id='word_1_95' title='bbox 751 1052 1058 1098; x_wconf 83' lang='lat' dir='ltr'><strong>terminarentur,</strong></span> <span class='ocrx_word' id='word_1_96' title='bbox 1081 1051 1120 1089; x_wconf 94' lang='lat' dir='ltr'><strong>in</strong></span> <span class='ocrx_word' id='word_1_97' title='bbox 1141 1065 1335 1089; x_wconf 87' lang='lat' dir='ltr'><strong>summam</strong></span> <span class='ocrx_word' id='word_1_98' title='bbox 1357 1064 1483 1088; x_wconf 91' lang='lat' dir='ltr'><strong>socor-</strong></span> 
     </span>
     <span class='ocr_line' id='line_1_18' title="bbox 160 1117 1481 1168; baseline -0.004 -11"><span class='ocrx_word' id='word_1_99' title='bbox 160 1119 266 1157; x_wconf 88' lang='lat' dir='ltr'><strong>diam</strong></span> <span class='ocrx_word' id='word_1_100' title='bbox 304 1121 517 1168; x_wconf 88' lang='lat' dir='ltr'><strong>perduxere</strong></span> <span class='ocrx_word' id='word_1_101' title='bbox 557 1117 804 1166; x_wconf 83' lang='lat' dir='ltr'><strong>Quintilium,</strong></span> <span class='ocrx_word' id='word_1_102' title='bbox 844 1130 968 1166; x_wconf 82' lang='lat' dir='ltr'><strong>usque</strong></span> <span class='ocrx_word' id='word_1_103' title='bbox 1007 1130 1065 1162; x_wconf 87' lang='lat' dir='ltr'><strong>eo,</strong></span> <span class='ocrx_word' id='word_1_104' title='bbox 1106 1124 1147 1153; x_wconf 93' lang='lat' dir='ltr'><strong>ut</strong></span> <span class='ocrx_word' id='word_1_105' title='bbox 1186 1129 1226 1153; x_wconf 92' lang='lat' dir='ltr'><strong>se</strong></span> <span class='ocrx_word' id='word_1_106' title='bbox 1264 1123 1481 1165; x_wconf 85' lang='lat' dir='ltr'><strong>praetorem</strong></span> 
     </span>
     <span class='ocr_line' id='line_1_19' title="bbox 160 1180 1482 1228; baseline -0.002 -7"><span class='ocrx_word' id='word_1_107' title='bbox 160 1184 353 1222; x_wconf 89' lang='lat' dir='ltr'><strong>urbanum</strong></span> <span class='ocrx_word' id='word_1_108' title='bbox 392 1183 430 1221; x_wconf 89' lang='lat' dir='ltr'><strong>in</strong></span> <span class='ocrx_word' id='word_1_109' title='bbox 469 1185 553 1221; x_wconf 89' lang='lat' dir='ltr'><strong>foro</strong></span> <span class='ocrx_word' id='word_1_110' title='bbox 591 1183 649 1220; x_wconf 92' lang='lat' dir='ltr'><strong>ius</strong></span> <span class='ocrx_word' id='word_1_111' title='bbox 688 1182 827 1228; x_wconf 88' lang='lat' dir='ltr'><strong>dicere,</strong></span> <span class='ocrx_word' id='word_1_112' title='bbox 868 1195 949 1220; x_wconf 91' lang='lat' dir='ltr'><strong>non</strong></span> <span class='ocrx_word' id='word_1_113' title='bbox 986 1181 1026 1219; x_wconf 92' lang='lat' dir='ltr'><strong>in</strong></span> <span class='ocrx_word' id='word_1_114' title='bbox 1066 1181 1203 1219; x_wconf 88' lang='lat' dir='ltr'><strong>mediis</strong></span> <span class='ocrx_word' id='word_1_115' title='bbox 1249 1180 1482 1219; x_wconf 87' lang='lat' dir='ltr'><strong>Germaniae</strong></span> 
     </span>
     <span class='ocr_line' id='line_1_20' title="bbox 161 1245 1518 1297; baseline -0.002 -12"><span class='ocrx_word' id='word_1_116' title='bbox 161 1248 304 1286; x_wconf 85' lang='lat' dir='ltr'><strong>finibus</strong></span> <span class='ocrx_word' id='word_1_117' title='bbox 343 1248 526 1286; x_wconf 78' lang='lat' dir='ltr'><strong>exercitui</strong></span> <span class='ocrx_word' id='word_1_118' title='bbox 560 1261 737 1297; x_wconf 90' lang='lat' dir='ltr'><strong>praeesse</strong></span> <span class='ocrx_word' id='word_1_119' title='bbox 776 1248 959 1285; x_wconf 90' lang='lat' dir='ltr'><strong>crederet.</strong></span> <span class='ocrx_word' id='word_1_120' title='bbox 1030 1254 1112 1284; x_wconf 89' lang='lat' dir='ltr'><strong>tum</strong></span> <span class='ocrx_word' id='word_1_121' title='bbox 1152 1245 1303 1283; x_wconf 89' lang='lat' dir='ltr'><strong>iuuenis</strong></span> <span class='ocrx_word' id='word_1_122' title='bbox 1341 1259 1482 1295; x_wconf 84' lang='lat' dir='ltr'><strong>genere</strong></span> <span class='ocrx_word' id='word_1_123' title='bbox 1506 1259 1518 1279; x_wconf 81' lang='lat'>2</span> 
     </span>
     <span class='ocr_line' id='line_1_21' title="bbox 161 1312 1481 1360; baseline -0.003 -8"><span class='ocrx_word' id='word_1_124' title='bbox 161 1314 313 1360; x_wconf 86' lang='lat' dir='ltr'><strong>nobilis,</strong></span> <span class='ocrx_word' id='word_1_125' title='bbox 337 1327 454 1351; x_wconf 93' lang='lat' dir='ltr'><strong>manu</strong></span> <span class='ocrx_word' id='word_1_126' title='bbox 485 1313 603 1360; x_wconf 87' lang='lat' dir='ltr'><strong>fortis,</strong></span> <span class='ocrx_word' id='word_1_127' title='bbox 635 1327 751 1351; x_wconf 86' lang='lat' dir='ltr'><strong>sensu</strong></span> <span class='ocrx_word' id='word_1_128' title='bbox 781 1315 892 1359; x_wconf 92' lang='lat' dir='ltr'><strong>celer,</strong></span> <span class='ocrx_word' id='word_1_129' title='bbox 914 1314 1013 1350; x_wconf 90' lang='lat' dir='ltr'><strong>ultra</strong></span> <span class='ocrx_word' id='word_1_130' title='bbox 1043 1312 1249 1349; x_wconf 87' lang='lat' dir='ltr'><strong>barbarum</strong></span> <span class='ocrx_word' id='word_1_131' title='bbox 1278 1319 1481 1360; x_wconf 86' lang='lat' dir='ltr'><strong>promptus</strong></span> 
     </span>
     <span class='ocr_line' id='line_1_22' title="bbox 161 1375 1482 1428; baseline -0.002 -12"><span class='ocrx_word' id='word_1_132' title='bbox 161 1379 328 1428; x_wconf 90' lang='lat' dir='ltr'><strong>ingenio,</strong></span> <span class='ocrx_word' id='word_1_133' title='bbox 365 1379 525 1417; x_wconf 91' lang='lat' dir='ltr'><strong>nomine</strong></span> <span class='ocrx_word' id='word_1_134' title='bbox 558 1378 767 1424; x_wconf 83' lang='lat' dir='ltr'><strong>Arminius,</strong></span> <span class='ocrx_word' id='word_1_135' title='bbox 801 1377 977 1427; x_wconf 87' lang='lat' dir='ltr'><strong>Sigimeri</strong></span> <span class='ocrx_word' id='word_1_136' title='bbox 1016 1376 1199 1426; x_wconf 84' lang='lat' dir='ltr'><strong>principis</strong></span> <span class='ocrx_word' id='word_1_137' title='bbox 1237 1376 1361 1425; x_wconf 85' lang='lat' dir='ltr'><strong>gentis</strong></span> <span class='ocrx_word' id='word_1_138' title='bbox 1400 1375 1482 1414; x_wconf 91' lang='lat' dir='ltr'><strong>eius</strong></span> 
     </span>
     <span class='ocr_line' id='line_1_23' title="bbox 161 1441 1482 1492; baseline -0.002 -10"><span class='ocrx_word' id='word_1_139' title='bbox 161 1444 273 1491; x_wconf 86' lang='lat' dir='ltr'><strong>filius,</strong></span> <span class='ocrx_word' id='word_1_140' title='bbox 303 1445 481 1482; x_wconf 85' lang='lat' dir='ltr'><strong>ardorem</strong></span> <span class='ocrx_word' id='word_1_141' title='bbox 511 1444 631 1482; x_wconf 88' lang='lat' dir='ltr'><strong>animi</strong></span> <span class='ocrx_word' id='word_1_142' title='bbox 660 1445 770 1481; x_wconf 87' lang='lat' dir='ltr'><strong>uultu</strong></span> <span class='ocrx_word' id='word_1_143' title='bbox 801 1443 1003 1492; x_wconf 87' lang='lat' dir='ltr'><strong>oculisque</strong></span> <span class='ocrx_word' id='word_1_144' title='bbox 1032 1444 1262 1491; x_wconf 86' lang='lat' dir='ltr'><strong>praeferens,</strong></span> <span class='ocrx_word' id='word_1_145' title='bbox 1295 1441 1482 1480; x_wconf 86' lang='lat' dir='ltr'><strong>adsiduus</strong></span> 
     </span>
     <span class='ocr_line' id='line_1_24' title="bbox 162 1506 1482 1558; baseline -0.002 -12"><span class='ocrx_word' id='word_1_146' title='bbox 162 1509 320 1546; x_wconf 88' lang='lat' dir='ltr'><strong>militiae</strong></span> <span class='ocrx_word' id='word_1_147' title='bbox 341 1517 494 1547; x_wconf 86' lang='lat' dir='ltr'><strong>nostrae</strong></span> <span class='ocrx_word' id='word_1_148' title='bbox 515 1508 650 1558; x_wconf 87' lang='lat' dir='ltr'><strong>prioris</strong></span> <span class='ocrx_word' id='word_1_149' title='bbox 672 1522 815 1554; x_wconf 87' lang='lat' dir='ltr'><strong>comes,</strong></span> <span class='ocrx_word' id='word_1_150' title='bbox 838 1507 918 1545; x_wconf 88' lang='lat' dir='ltr'><strong>iure</strong></span> <span class='ocrx_word' id='word_1_151' title='bbox 939 1507 1055 1544; x_wconf 84' lang='lat' dir='ltr'><strong>etiam</strong></span> <span class='ocrx_word' id='word_1_152' title='bbox 1083 1506 1249 1544; x_wconf 88' lang='lat' dir='ltr'><strong>ciuitatis</strong></span> <span class='ocrx_word' id='word_1_153' title='bbox 1277 1507 1482 1544; x_wconf 84' lang='lat' dir='ltr'><strong>Romanae</strong></span> 
     </span>
     <span class='ocr_line' id='line_1_25' title="bbox 161 1571 1483 1623; baseline -0.003 -11"><span class='ocrx_word' id='word_1_154' title='bbox 161 1575 281 1612; x_wconf 91' lang='lat' dir='ltr'><strong>decus</strong></span> <span class='ocrx_word' id='word_1_155' title='bbox 311 1573 498 1623; x_wconf 81' lang='lat' dir='ltr'><strong>equestris</strong></span> <span class='ocrx_word' id='word_1_156' title='bbox 528 1587 774 1623; x_wconf 86' lang='lat' dir='ltr'><strong>consequens</strong></span> <span class='ocrx_word' id='word_1_157' title='bbox 798 1574 950 1622; x_wconf 88' lang='lat' dir='ltr'><strong>gradus,</strong></span> <span class='ocrx_word' id='word_1_158' title='bbox 973 1571 1136 1621; x_wconf 82' lang='lat' dir='ltr'><strong>segnitia</strong></span> <span class='ocrx_word' id='word_1_159' title='bbox 1164 1571 1275 1609; x_wconf 87' lang='lat' dir='ltr'><strong>ducis</strong></span> <span class='ocrx_word' id='word_1_160' title='bbox 1305 1571 1344 1608; x_wconf 93' lang='lat' dir='ltr'><strong>in</strong></span> <span class='ocrx_word' id='word_1_161' title='bbox 1374 1585 1483 1609; x_wconf 91' lang='lat' dir='ltr'><strong>occa-</strong></span> 
     </span>
    </p>
   </div>
   <div class='ocr_carea' id='block_1_7' title="bbox 160 1675 1488 1932">
    <p class='ocr_par' dir='ltr' id='par_1_8' title="bbox 160 1675 1488 1932">
     <span class='ocr_line' id='line_1_26' title="bbox 207 1675 1484 1716; baseline -0.002 -9"><span class='ocrx_word' id='word_1_162' title='bbox 207 1688 220 1707; x_wconf 93' lang='lat'>1</span> <span class='ocrx_word' id='word_1_163' title='bbox 247 1682 398 1716; x_wconf 81' lang='lat' dir='ltr'><strong>preesset</strong></span> <span class='ocrx_word' id='word_1_164' title='bbox 418 1677 451 1706; x_wconf 88' lang='lat' dir='ltr'><em>A</em></span> <span class='ocrx_word' id='word_1_165' title='bbox 586 1687 604 1715; x_wconf 82' lang='lat'><strong>3</strong></span> <span class='ocrx_word' id='word_1_166' title='bbox 630 1677 777 1707; x_wconf 86' lang='lat' dir='ltr'><strong>mulcere</strong></span> <span class='ocrx_word' id='word_1_167' title='bbox 800 1676 832 1705; x_wconf 84' lang='lat' dir='ltr'><em>A</em></span> <span class='ocrx_word' id='word_1_168' title='bbox 975 1687 993 1714; x_wconf 86' lang='lat'>4</span> <span class='ocrx_word' id='word_1_169' title='bbox 1018 1685 1119 1714; x_wconf 83' lang='lat' dir='ltr'><strong>paces</strong></span> <span class='ocrx_word' id='word_1_170' title='bbox 1149 1686 1182 1705; x_wconf 54' lang='lat' dir='ltr'><strong>=e</strong></span> <span class='ocrx_word' id='word_1_171' title='bbox 1206 1686 1244 1704; x_wconf 77' lang='lat' dir='ltr'><strong>ex</strong></span> <span class='ocrx_word' id='word_1_172' title='bbox 1262 1675 1286 1713; x_wconf 85' lang='lat' dir='ltr'><strong>i)</strong></span> <span class='ocrx_word' id='word_1_173' title='bbox 1315 1675 1384 1710; x_wconf 58' lang='lat' dir='ltr'><strong>dcl„</strong></span> <span class='ocrx_word' id='word_1_174' title='bbox 1413 1675 1484 1705; x_wconf 75' lang='lat' dir='ltr'><strong>dein</strong></span> 
     </span>
     <span class='ocr_line' id='line_1_27' title="bbox 160 1717 1485 1760; baseline -0.002 -10"><span class='ocrx_word' id='word_1_175' title='bbox 160 1721 251 1760; x_wconf 83' lang='lat' dir='ltr'><strong>pacis</strong></span> <span class='ocrx_word' id='word_1_176' title='bbox 268 1720 300 1749; x_wconf 97' lang='lat' dir='ltr'><em>A</em></span> <span class='ocrx_word' id='word_1_177' title='bbox 400 1730 419 1758; x_wconf 84' lang='lat'>5</span> <span class='ocrx_word' id='word_1_178' title='bbox 443 1721 630 1759; x_wconf 85' lang='lat' dir='ltr'><strong>gaudentes</strong></span> <span class='ocrx_word' id='word_1_179' title='bbox 659 1720 728 1750; x_wconf 84' lang='grc' dir='ltr'><strong>ΑΡ</strong></span> <span class='ocrx_word' id='word_1_180' title='bbox 821 1721 841 1748; x_wconf 89' lang='grc'>6</span> <span class='ocrx_word' id='word_1_181' title='bbox 866 1719 984 1749; x_wconf 85' lang='lat' dir='ltr'><strong>ordine</strong></span> <span class='ocrx_word' id='word_1_182' title='bbox 1006 1723 1186 1758; x_wconf 75' lang='lat' dir='ltr'><strong>suspectum</strong></span> <span class='ocrx_word' id='word_1_183' title='bbox 1214 1717 1324 1758; x_wconf 74' lang='lat' dir='ltr'><strong>Lipsz&#39;o</strong></span> <span class='ocrx_word' id='word_1_184' title='bbox 1348 1719 1485 1748; x_wconf 61' lang='lat' dir='ltr'><strong>Heinsio</strong></span> 
     </span>
     <span class='ocr_line' id='line_1_28' title="bbox 160 1761 1484 1801; baseline -0.001 -8"><span class='ocrx_word' id='word_1_185' title='bbox 160 1764 372 1793; x_wconf 78' lang='lat' dir='ltr'><strong>Ruhnkcm&#39;oz</strong></span> <span class='ocrx_word' id='word_1_186' title='bbox 400 1764 506 1793; x_wconf 87' lang='lat' dir='ltr'><strong>otiose</strong></span> <span class='ocrx_word' id='word_1_187' title='bbox 520 1764 714 1794; x_wconf 79' lang='lat' dir='ltr'><strong>Cornelissen</strong></span> <span class='ocrx_word' id='word_1_188' title='bbox 731 1763 832 1801; x_wconf 51' lang='lat' dir='ltr'><strong>:fora</strong></span> <span class='ocrx_word' id='word_1_189' title='bbox 848 1763 1024 1793; x_wconf 85' lang='lat' dir='ltr'><strong>socordius</strong></span> <span class='ocrx_word' id='word_1_190' title='bbox 1041 1763 1204 1799; x_wconf 56' lang='lat' dir='ltr'><strong>:socordia</strong></span> <span class='ocrx_word' id='word_1_191' title='bbox 1221 1763 1288 1791; x_wconf 82' lang='lat' dir='ltr'><strong>iam</strong></span> <span class='ocrx_word' id='word_1_192' title='bbox 1301 1761 1459 1801; x_wconf 82' lang='lat' dir='ltr'><strong>Laurent)</strong></span> <span class='ocrx_word' id='word_1_193' title='bbox 1477 1773 1484 1792; x_wconf 90' lang='lat'>:</span> 
     </span>
     <span class='ocr_line' id='line_1_29' title="bbox 160 1805 1485 1845; baseline -0.002 -8"><span class='ocrx_word' id='word_1_194' title='bbox 160 1808 278 1837; x_wconf 85' lang='lat' dir='ltr'><strong>ordine</strong></span> <span class='ocrx_word' id='word_1_195' title='bbox 305 1807 463 1837; x_wconf 64' lang='lat' dir='ltr'><strong>ClmLs-tsmz</strong></span> <span class='ocrx_word' id='word_1_196' title='bbox 488 1807 623 1837; x_wconf 74' lang='lat' dir='ltr'><strong>Crusz&#39;ns</strong></span> <span class='ocrx_word' id='word_1_197' title='bbox 646 1807 806 1838; x_wconf 67' lang='lat' dir='ltr'><strong>Probabil.</strong></span> <span class='ocrx_word' id='word_1_198' title='bbox 832 1806 904 1836; x_wconf 75' lang='lat' dir='ltr'><strong>Crz&#39;t.</strong></span> <span class='ocrx_word' id='word_1_199' title='bbox 923 1812 957 1845; x_wconf 78' lang='lat' dir='ltr'><strong>p.</strong></span> <span class='ocrx_word' id='word_1_200' title='bbox 987 1816 1047 1836; x_wconf 81' lang='lat'><strong>120</strong></span> <span class='ocrx_word' id='word_1_201' title='bbox 1091 1808 1187 1844; x_wconf 53' lang='lat'>1753)</span> <span class='ocrx_word' id='word_1_202' title='bbox 1213 1806 1332 1834; x_wconf 75' lang='lat' dir='ltr'><strong>rettulit</strong></span> <span class='ocrx_word' id='word_1_203' title='bbox 1349 1805 1395 1835; x_wconf 78' lang='lat' dir='ltr'><strong>ad</strong></span> <span class='ocrx_word' id='word_1_204' title='bbox 1413 1817 1485 1835; x_wconf 80' lang='lat' dir='ltr'><strong>con-</strong></span> 
     </span>
     <span class='ocr_line' id='line_1_30' title="bbox 161 1848 1488 1890; baseline -0.002 -10"><span class='ocrx_word' id='word_1_205' title='bbox 161 1855 278 1880; x_wconf 82' lang='lat' dir='ltr'><strong>uentus</strong></span> <span class='ocrx_word' id='word_1_206' title='bbox 303 1856 364 1890; x_wconf 82' lang='lat' dir='ltr'><strong>per</strong></span> <span class='ocrx_word' id='word_1_207' title='bbox 390 1851 531 1881; x_wconf 78' lang='lat' dir='ltr'><strong>ciuitates</strong></span> <span class='ocrx_word' id='word_1_208' title='bbox 561 1851 722 1880; x_wconf 81' lang='lat' dir='ltr'><strong>obcmzdos</strong></span> <span class='ocrx_word' id='word_1_209' title='bbox 869 1860 885 1888; x_wconf 94' lang='lat'>7</span> <span class='ocrx_word' id='word_1_210' title='bbox 912 1850 1025 1879; x_wconf 86' lang='lat' dir='ltr'><strong>eredat</strong></span> <span class='ocrx_word' id='word_1_211' title='bbox 1056 1848 1206 1888; x_wconf 66' lang='lat' dir='ltr'><strong>szst‘us:</strong></span> <span class='ocrx_word' id='word_1_212' title='bbox 1236 1849 1393 1879; x_wconf 86' lang='lat' dir='ltr'><strong>credebat</strong></span> <span class='ocrx_word' id='word_1_213' title='bbox 1418 1848 1488 1877; x_wconf 85' lang='grc' dir='ltr'><strong>ΑΡ</strong></span> 
     </span>
     <span class='ocr_line' id='line_1_31' title="bbox 160 1892 1484 1932; baseline -0.002 -8"><span class='ocrx_word' id='word_1_214' title='bbox 160 1896 180 1924; x_wconf 91' lang='grc'>8</span> <span class='ocrx_word' id='word_1_215' title='bbox 204 1894 374 1923; x_wconf 87' lang='lat' dir='ltr'><strong>mendatio</strong></span> <span class='ocrx_word' id='word_1_216' title='bbox 403 1894 434 1922; x_wconf 89' lang='lat' dir='ltr'><em>A</em></span> <span class='ocrx_word' id='word_1_217' title='bbox 575 1905 595 1932; x_wconf 90' lang='lat'>9</span> <span class='ocrx_word' id='word_1_218' title='bbox 620 1898 846 1932; x_wconf 85' lang='lat' dir='ltr'><strong>prouocantes</strong></span> <span class='ocrx_word' id='word_1_219' title='bbox 871 1893 904 1922; x_wconf 74' lang='lat' dir='ltr'><strong>in</strong></span> <span class='ocrx_word' id='word_1_220' title='bbox 933 1896 1018 1922; x_wconf 66' lang='lat' dir='ltr'><strong>{extu</strong></span> <span class='ocrx_word' id='word_1_221' title='bbox 1049 1892 1107 1922; x_wconf 72' lang='lat' dir='ltr'><strong>sed</strong></span> <span class='ocrx_word' id='word_1_222' title='bbox 1128 1893 1159 1922; x_wconf 76' lang='lat' dir='ltr'><strong>in</strong></span> <span class='ocrx_word' id='word_1_223' title='bbox 1190 1903 1293 1932; x_wconf 72' lang='lat' dir='ltr'><strong>weng.</strong></span> <span class='ocrx_word' id='word_1_224' title='bbox 1323 1902 1484 1931; x_wconf 87' lang='lat' dir='ltr'><strong>procaces</strong></span> 
     </span>
    </p>
   </div>
   <div class='ocr_carea' id='block_1_8' title="bbox 160 1935 1484 2053">
    <p class='ocr_par' dir='ltr' id='par_1_9' title="bbox 160 1935 1484 2053">
     <span class='ocr_line' id='line_1_32' title="bbox 160 1935 1484 1976; baseline -0.001 -10"><span class='ocrx_word' id='word_1_225' title='bbox 160 1937 218 1968; x_wconf 81' lang='lat' dir='ltr'><strong>A:</strong></span> <span class='ocrx_word' id='word_1_226' title='bbox 242 1947 403 1976; x_wconf 85' lang='lat' dir='ltr'><strong>procaces</strong></span> <span class='ocrx_word' id='word_1_227' title='bbox 431 1936 482 1967; x_wconf 85' lang='lat' dir='ltr'><strong>P:</strong></span> <span class='ocrx_word' id='word_1_228' title='bbox 515 1942 691 1976; x_wconf 84' lang='lat' dir='ltr'><strong>procataes</strong></span> <span class='ocrx_word' id='word_1_229' title='bbox 717 1937 771 1967; x_wconf 78' lang='lat' dir='ltr'><strong>B:</strong></span> <span class='ocrx_word' id='word_1_230' title='bbox 804 1941 1028 1976; x_wconf 87' lang='lat' dir='ltr'><strong>prouocantes</strong></span> <span class='ocrx_word' id='word_1_231' title='bbox 1045 1935 1230 1965; x_wconf 69' lang='lat' dir='ltr'><strong>Rhenanus</strong></span> <span class='ocrx_word' id='word_1_232' title='bbox 1319 1936 1351 1965; x_wconf 88' lang='lat' dir='ltr'><strong>in</strong></span> <span class='ocrx_word' id='word_1_233' title='bbox 1378 1936 1484 1974; x_wconf 86' lang='lat' dir='ltr'><strong>iurgia</strong></span> 
     </span>
     <span class='ocr_line' id='line_1_33' title="bbox 760 1989 796 2005; baseline 0.028 -1"><span class='ocrx_word' id='word_1_234' title='bbox 760 1989 796 2005; x_wconf 66' lang='grc' dir='ltr'><strong>ΠἸΧ</strong></span> 
     </span>
     <span class='ocr_line' id='line_1_34' title="bbox 161 2012 1484 2053; baseline -0.001 -11"><span class='ocrx_word' id='word_1_235' title='bbox 161 2013 322 2053; x_wconf 77' lang='lat' dir='ltr'><strong>Madm&#39;g:</strong></span> <span class='ocrx_word' id='word_1_236' title='bbox 347 2015 466 2044; x_wconf 88' lang='lat' dir='ltr'><strong>iniuria</strong></span> <span class='ocrx_word' id='word_1_237' title='bbox 491 2014 560 2043; x_wconf 86' lang='grc' dir='ltr'><strong>ΑΡ</strong></span> <span class='ocrx_word' id='word_1_238' title='bbox 691 2024 727 2044; x_wconf 85' lang='grc'><strong>11</strong></span> <span class='ocrx_word' id='word_1_239' title='bbox 754 2018 957 2043; x_wconf 89' lang='lat' dir='ltr'><strong>mutesceret</strong></span> <span class='ocrx_word' id='word_1_240' title='bbox 984 2013 1039 2044; x_wconf 82' lang='lat' dir='ltr'><strong>A:</strong></span> <span class='ocrx_word' id='word_1_241' title='bbox 1076 2017 1279 2043; x_wconf 89' lang='lat' dir='ltr'><strong>mutesceret</strong></span> <span class='ocrx_word' id='word_1_242' title='bbox 1305 2012 1354 2042; x_wconf 84' lang='lat' dir='ltr'><strong>B:</strong></span> <span class='ocrx_word' id='word_1_243' title='bbox 1388 2012 1484 2042; x_wconf 90' lang='lat' dir='ltr'><strong>mite-</strong></span> 
     </span>
    </p>
   </div>
   <div class='ocr_carea' id='block_1_9' title="bbox 154 2055 1490 2444">
    <p class='ocr_par' dir='ltr' id='par_1_10' title="bbox 154 2055 1490 2444">
     <span class='ocr_line' id='line_1_35' title="bbox 161 2055 1484 2096; baseline -0.002 -9"><span class='ocrx_word' id='word_1_244' title='bbox 161 2062 271 2087; x_wconf 83' lang='lat' dir='ltr'><strong>sceret</strong></span> <span class='ocrx_word' id='word_1_245' title='bbox 297 2057 330 2086; x_wconf 87' lang='lat' dir='ltr'><em>P</em></span> <span class='ocrx_word' id='word_1_246' title='bbox 418 2067 455 2095; x_wconf 80' lang='lat'><strong>14</strong></span> <span class='ocrx_word' id='word_1_247' title='bbox 480 2058 598 2087; x_wconf 90' lang='lat' dir='ltr'><strong>mediis</strong></span> <span class='ocrx_word' id='word_1_248' title='bbox 615 2059 669 2095; x_wconf 70' lang='lat' dir='ltr'><strong>ln&#39;s,</strong></span> <span class='ocrx_word' id='word_1_249' title='bbox 687 2058 789 2096; x_wconf 77' lang='lat' dir='ltr'><strong>priore</strong></span> <span class='ocrx_word' id='word_1_250' title='bbox 807 2057 943 2091; x_wconf 67' lang='lat' dir='ltr'><strong>inducto,</strong></span> <span class='ocrx_word' id='word_1_251' title='bbox 963 2056 995 2085; x_wconf 90' lang='lat' dir='ltr'><em>A</em></span> <span class='ocrx_word' id='word_1_252' title='bbox 1104 2066 1142 2094; x_wconf 83' lang='lat'><strong>15</strong></span> <span class='ocrx_word' id='word_1_253' title='bbox 1167 2066 1304 2094; x_wconf 86' lang='lat' dir='ltr'><strong>preesse</strong></span> <span class='ocrx_word' id='word_1_254' title='bbox 1318 2055 1350 2084; x_wconf 88' lang='lat' dir='ltr'><em>A</em></span> <span class='ocrx_word' id='word_1_255' title='bbox 1445 2057 1484 2085; x_wconf 86' lang='lat'><strong>16</strong></span> 
     </span>
     <span class='ocr_line' id='line_1_36' title="bbox 162 2099 1485 2140; baseline -0.001 -11"><span class='ocrx_word' id='word_1_256' title='bbox 162 2112 244 2129; x_wconf 81' lang='lat' dir='ltr'><strong>num</strong></span> <span class='ocrx_word' id='word_1_257' title='bbox 262 2103 455 2139; x_wconf 64' lang='lat' dir='ltr'><strong>promotus?</strong></span> <span class='ocrx_word' id='word_1_258' title='bbox 547 2111 586 2140; x_wconf 85' lang='lat'><strong>19</strong></span> <span class='ocrx_word' id='word_1_259' title='bbox 609 2103 652 2131; x_wconf 78' lang='lat' dir='ltr'><strong>sic</strong></span> <span class='ocrx_word' id='word_1_260' title='bbox 666 2100 958 2140; x_wconf 77' lang='lat' dir='ltr'><strong>Madm&#39;gAdncrs.</strong></span> <span class='ocrx_word' id='word_1_261' title='bbox 974 2100 1003 2129; x_wconf 92' lang='lat' dir='ltr'><strong>ii.</strong></span> <span class='ocrx_word' id='word_1_262' title='bbox 1020 2110 1080 2138; x_wconf 85' lang='lat'><strong>311</strong></span> <span class='ocrx_word' id='word_1_263' title='bbox 1099 2111 1105 2129; x_wconf 72' lang='grc' dir='ltr'><strong><em>ι</em></strong></span> <span class='ocrx_word' id='word_1_264' title='bbox 1135 2100 1205 2129; x_wconf 89' lang='lat' dir='ltr'><strong>iure</strong></span> <span class='ocrx_word' id='word_1_265' title='bbox 1224 2100 1321 2129; x_wconf 83' lang='lat' dir='ltr'><strong>etiam</strong></span> <span class='ocrx_word' id='word_1_266' title='bbox 1340 2099 1485 2128; x_wconf 80' lang='lat' dir='ltr'><strong>ciuitatis</strong></span> 
     </span>
     <span class='ocr_line' id='line_1_37' title="bbox 162 2142 1490 2183; baseline -0.002 -10"><span class='ocrx_word' id='word_1_267' title='bbox 162 2144 291 2173; x_wconf 88' lang='lat' dir='ltr'><strong>Romae</strong></span> <span class='ocrx_word' id='word_1_268' title='bbox 305 2144 376 2173; x_wconf 88' lang='lat' dir='ltr'><strong>eius</strong></span> <span class='ocrx_word' id='word_1_269' title='bbox 392 2145 453 2173; x_wconf 64' lang='lat' dir='ltr'><strong>&#39;&#39;ius</strong></span> <span class='ocrx_word' id='word_1_270' title='bbox 467 2144 509 2183; x_wconf 45' lang='lat' dir='ltr'><strong>P)</strong></span> <span class='ocrx_word' id='word_1_271' title='bbox 525 2145 690 2183; x_wconf 82' lang='lat' dir='ltr'><strong>equestris</strong></span> <span class='ocrx_word' id='word_1_272' title='bbox 704 2154 917 2182; x_wconf 86' lang='lat' dir='ltr'><strong>consequens</strong></span> <span class='ocrx_word' id='word_1_273' title='bbox 930 2144 1053 2181; x_wconf 87' lang='lat' dir='ltr'><strong>gradus</strong></span> <span class='ocrx_word' id='word_1_274' title='bbox 1064 2142 1134 2172; x_wconf 81' lang='lat' dir='ltr'><strong>AF</strong></span> <span class='ocrx_word' id='word_1_275' title='bbox 1198 2143 1370 2172; x_wconf 80' lang='lat' dir='ltr'><strong>Romanae</strong></span> <span class='ocrx_word' id='word_1_276' title='bbox 1382 2142 1490 2171; x_wconf 75' lang='lat' dir='ltr'><strong>Burer</strong></span> 
     </span>
     <span class='ocr_line' id='line_1_38' title="bbox 161 2185 1489 2225; baseline -0.002 -9"><span class='ocrx_word' id='word_1_277' title='bbox 161 2197 203 2216; x_wconf 86' lang='lat'><strong>20</strong></span> <span class='ocrx_word' id='word_1_278' title='bbox 227 2188 329 2217; x_wconf 84' lang='lat' dir='ltr'><strong>decus</strong></span> <span class='ocrx_word' id='word_1_279' title='bbox 359 2187 536 2217; x_wconf 77' lang='lat' dir='ltr'><strong>Burmann</strong></span> <span class='ocrx_word' id='word_1_280' title='bbox 564 2192 592 2217; x_wconf 81' lang='lat' dir='ltr'><strong>et</strong></span> <span class='ocrx_word' id='word_1_281' title='bbox 617 2188 758 2224; x_wconf 62' lang='lat' dir='ltr'><strong>Madm&#39;g</strong></span> <span class='ocrx_word' id='word_1_282' title='bbox 881 2197 1094 2225; x_wconf 86' lang='lat' dir='ltr'><strong>consequens</strong></span> <span class='ocrx_word' id='word_1_283' title='bbox 1122 2186 1152 2216; x_wconf 69' lang='grc' dir='ltr'><strong>ΙΙ.</strong></span> <span class='ocrx_word' id='word_1_284' title='bbox 1165 2198 1186 2216; x_wconf 82' lang='lat' dir='ltr'><strong>e.</strong></span> <span class='ocrx_word' id='word_1_285' title='bbox 1212 2186 1348 2224; x_wconf 76' lang='lat' dir='ltr'><strong>equestri</strong></span> <span class='ocrx_word' id='word_1_286' title='bbox 1362 2185 1489 2224; x_wconf 70' lang='lat' dir='ltr'><strong>gradui</strong></span> 
     </span>
     <span class='ocr_line' id='line_1_39' title="bbox 154 2229 1482 2270; baseline -0.002 -11"><span class='ocrx_word' id='word_1_287' title='bbox 154 2231 337 2270; x_wconf 75' lang='lat' dir='ltr'><strong>proximus,</strong></span> <span class='ocrx_word' id='word_1_288' title='bbox 353 2231 402 2260; x_wconf 78' lang='lat' dir='ltr'><strong>uli</strong></span> <span class='ocrx_word' id='word_1_289' title='bbox 411 2232 633 2270; x_wconf 72' lang='lat' dir='ltr'><strong>iutrrpretalus</strong></span> <span class='ocrx_word' id='word_1_290' title='bbox 644 2236 689 2261; x_wconf 82' lang='lat' dir='ltr'><strong>cst</strong></span> <span class='ocrx_word' id='word_1_291' title='bbox 701 2231 842 2270; x_wconf 73' lang='lat' dir='ltr'><strong>Madm&#39;g</strong></span> <span class='ocrx_word' id='word_1_292' title='bbox 855 2242 861 2260; x_wconf 92' lang='lat'><strong>:</strong></span> <span class='ocrx_word' id='word_1_293' title='bbox 885 2235 1086 2260; x_wconf 79' lang='lat' dir='ltr'><strong>consecutus</strong></span> <span class='ocrx_word' id='word_1_294' title='bbox 1100 2229 1257 2259; x_wconf 66' lang='lat' dir='ltr'><strong>Heinsius</strong></span> <span class='ocrx_word' id='word_1_295' title='bbox 1268 2230 1351 2258; x_wconf 76' lang='lat' dir='ltr'><strong>etsie</strong></span> <span class='ocrx_word' id='word_1_296' title='bbox 1364 2229 1482 2263; x_wconf 80' lang='lat' dir='ltr'><strong>Halm,</strong></span> 
     </span>
     <span class='ocr_line' id='line_1_40' title="bbox 161 2272 1483 2314; baseline -0.002 -11"><span class='ocrx_word' id='word_1_297' title='bbox 161 2277 334 2313; x_wconf 78' lang='lat' dir='ltr'><strong>tamquam</strong></span> <span class='ocrx_word' id='word_1_298' title='bbox 352 2274 567 2313; x_wconf 72' lang='lat' dir='ltr'><strong>dcpmualum</strong></span> <span class='ocrx_word' id='word_1_299' title='bbox 584 2285 621 2304; x_wconf 73' lang='lat' dir='ltr'><strong>ex</strong></span> <span class='ocrx_word' id='word_1_300' title='bbox 631 2276 786 2314; x_wconf 69' lang='lat' dir='ltr'><strong>smiptura</strong></span> <span class='ocrx_word' id='word_1_301' title='bbox 803 2278 1006 2312; x_wconf 77' lang='lat' dir='ltr'><strong>consequtus</strong></span> <span class='ocrx_word' id='word_1_302' title='bbox 1020 2285 1025 2304; x_wconf 88' lang='lat'>:</span> <span class='ocrx_word' id='word_1_303' title='bbox 1051 2273 1238 2302; x_wconf 68' lang='lat' dir='ltr'><strong>Mommsen</strong></span> <span class='ocrx_word' id='word_1_304' title='bbox 1251 2272 1399 2301; x_wconf 76' lang='lat' dir='ltr'><strong>scribebat</strong></span> <span class='ocrx_word' id='word_1_305' title='bbox 1412 2273 1483 2301; x_wconf 82' lang='lat' dir='ltr'><strong>iure</strong></span> 
     </span>
     <span class='ocr_line' id='line_1_41' title="bbox 161 2315 1483 2356; baseline 0 -10"><span class='ocrx_word' id='word_1_306' title='bbox 161 2318 260 2347; x_wconf 84' lang='lat' dir='ltr'><strong>etiam</strong></span> <span class='ocrx_word' id='word_1_307' title='bbox 271 2328 296 2348; x_wconf 93' lang='lat' dir='ltr'><strong>c.</strong></span> <span class='ocrx_word' id='word_1_308' title='bbox 317 2318 490 2347; x_wconf 82' lang='lat' dir='ltr'><strong>Romanae</strong></span> <span class='ocrx_word' id='word_1_309' title='bbox 508 2318 578 2347; x_wconf 90' lang='lat' dir='ltr'><strong>eius</strong></span> <span class='ocrx_word' id='word_1_310' title='bbox 593 2322 767 2356; x_wconf 85' lang='lat' dir='ltr'><strong>equestres</strong></span> <span class='ocrx_word' id='word_1_311' title='bbox 781 2327 994 2355; x_wconf 85' lang='lat' dir='ltr'><strong>consequens</strong></span> <span class='ocrx_word' id='word_1_312' title='bbox 1008 2317 1142 2355; x_wconf 89' lang='lat' dir='ltr'><strong>gradus.</strong></span> <span class='ocrx_word' id='word_1_313' title='bbox 1177 2316 1252 2345; x_wconf 74' lang='lat' dir='ltr'><strong>Vz&#39;de</strong></span> <span class='ocrx_word' id='word_1_314' title='bbox 1263 2315 1389 2345; x_wconf 80' lang='lat' dir='ltr'><strong>Comm.</strong></span> <span class='ocrx_word' id='word_1_315' title='bbox 1408 2315 1483 2346; x_wconf 81' lang='lat' dir='ltr'><strong>Cril.</strong></span> 
     </span>
     <span class='ocr_line' id='line_1_42' title="bbox 160 2357 1484 2401; baseline -0.001 -12"><span class='ocrx_word' id='word_1_316' title='bbox 160 2360 210 2389; x_wconf 83' lang='lat' dir='ltr'><strong>De</strong></span> <span class='ocrx_word' id='word_1_317' title='bbox 218 2361 282 2390; x_wconf 83' lang='lat' dir='ltr'><strong>loco</strong></span> <span class='ocrx_word' id='word_1_318' title='bbox 299 2361 495 2390; x_wconf 73' lang='lat' dir='ltr'><strong>conclanmto</strong></span> <span class='ocrx_word' id='word_1_319' title='bbox 508 2361 684 2401; x_wconf 75' lang='lat' dir='ltr'><strong>dz&#39;sputczuit</strong></span> <span class='ocrx_word' id='word_1_320' title='bbox 693 2361 849 2391; x_wconf 81' lang='lat' dir='ltr'><strong>Huebner</strong></span> <span class='ocrx_word' id='word_1_321' title='bbox 865 2361 987 2390; x_wconf 64' lang='lat' dir='ltr'><strong>‘ueber</strong></span> <span class='ocrx_word' id='word_1_322' title='bbox 999 2361 1064 2391; x_wconf 86' lang='lat' dir='ltr'><strong>den</strong></span> <span class='ocrx_word' id='word_1_323' title='bbox 1078 2360 1207 2390; x_wconf 89' lang='lat' dir='ltr'><strong>Namen</strong></span> <span class='ocrx_word' id='word_1_324' title='bbox 1222 2360 1281 2389; x_wconf 83' lang='lat' dir='ltr'><strong>des</strong></span> <span class='ocrx_word' id='word_1_325' title='bbox 1295 2359 1465 2389; x_wconf 87' lang='lat' dir='ltr'><strong>Arminius</strong></span> <span class='ocrx_word' id='word_1_326' title='bbox 1477 2357 1484 2371; x_wconf 93' lang='lat'>&#39;</span> 
     </span>
     <span class='ocr_line' id='line_1_43' title="bbox 160 2404 577 2444; baseline 0.002 -11"><span class='ocrx_word' id='word_1_327' title='bbox 160 2404 193 2433; x_wconf 80' lang='lat' dir='ltr'><strong>in</strong></span> <span class='ocrx_word' id='word_1_328' title='bbox 209 2404 353 2434; x_wconf 80' lang='lat' dir='ltr'><strong>Hermae</strong></span> <span class='ocrx_word' id='word_1_329' title='bbox 368 2415 400 2435; x_wconf 79' lang='lat' dir='ltr'><strong>x.</strong></span> <span class='ocrx_word' id='word_1_330' title='bbox 412 2409 447 2444; x_wconf 82' lang='lat' dir='ltr'><strong>p.</strong></span> <span class='ocrx_word' id='word_1_331' title='bbox 465 2414 527 2443; x_wconf 84' lang='lat'><strong>395</strong></span> <span class='ocrx_word' id='word_1_332' title='bbox 545 2416 577 2436; x_wconf 82' lang='lat' dir='ltr'><strong>n.</strong></span> 
     </span>
    </p>
   </div>
   <div class='ocr_carea' id='block_1_10' title="bbox 788 2539 1324 2584">
    <p class='ocr_par' dir='ltr' id='par_1_11' title="bbox 788 2539 1324 2584">
     <span class='ocr_line' id='line_1_44' title="bbox 788 2539 1324 2584; baseline -0.004 -10"><span class='ocrx_word' id='word_1_333' title='bbox 788 2553 848 2584; x_wconf 89' lang='lat'><strong>129</strong></span> <span class='ocrx_word' id='word_1_334' title='bbox 1302 2539 1324 2572; x_wconf 89' lang='lat'>9</span> 
     </span>
    </p>
   </div>
  </div>
 </body>
</html>
