1799 2864
743 218 912 255 LIBER
942 219 983 255 II

203 332 388 369 aduersus
447 329 581 368 merita
637 328 812 368 Caesaris
864 328 1164 378 ingratissimum
1217 329 1523 379 participemque

203 395 332 433 caedis
363 394 456 441 eius,
488 408 511 432 a
544 407 623 443 quo
657 393 738 443 ipse
772 393 811 430 in
846 395 1049 431 consulare
1082 401 1290 442 prouectus
1329 394 1521 443 fastigium

202 461 348 506 fuerat3
387 466 424 496 et
456 460 499 497 C.
534 457 691 497 Cassius
725 456 895 506 acceptis
928 470 950 494 a
981 457 1104 495 Statio
1140 459 1280 495 Murco
1315 466 1352 495 et
1384 458 1522 507 Crispo
1545 474 1557 493 2

205 523 364 569 Marcio,
405 522 603 572 praetoriis
642 522 732 559 uiris
777 521 1165 571 imperatoribusque,
1212 522 1444 571 praeualidis
1483 522 1521 559 in

164 601 179 630 5
201 587 308 636 Syria
336 586 565 636 legionibus,
598 586 791 624 inclusum
832 586 1092 632 Dolabellam,
1133 585 1199 635 qui
1237 595 1522 635 praeoccupata

143 922 179 943 10

200 651 293 688 Asia
326 650 365 688 in
400 650 546 700 Syriam
586 658 825 700 peruenerat,
860 650 1069 688 Laodiciae
1103 658 1321 699 expugnata
1352 663 1397 688 ea
1428 651 1523 688 urbe

199 716 297 752 obire
316 716 459 752 fecerat
480 714 549 766 (ita
569 722 711 761 tamen,
734 722 775 752 ut
801 716 851 752 ad
872 714 992 752 ictum
1013 713 1113 752 serui
1134 713 1192 751 sui
1215 714 1422 752 Dolabella
1442 728 1521 752 non

199 779 365 828 segniter
385 779 577 817 ceruicem
598 777 722 828 daret)
744 786 781 817 et
802 780 940 817 decem
961 778 1132 828 legiones
1160 778 1199 816 in
1230 792 1278 817 eo
1309 787 1431 816 tractu
1464 779 1521 817 sui

199 844 289 881 iuris
316 845 482 890 fecerat,·
520 851 558 881 et
590 844 645 880 M.
679 845 821 880 Brutus
854 844 896 882 C.
920 843 1107 889 Antonio,
1141 842 1244 880 fratri
1277 844 1332 880 M.
1359 843 1519 890 Antoni,
1543 858 1560 888 3

198 908 236 946 in
261 908 497 946 Macedonia
512 907 751 957 Vatinioque
772 907 873 945 circa
891 907 1147 957 Dyrrachium
1165 907 1333 946 uolentis
1350 907 1521 957 legiones

197 981 406 1011 extorserat
439 973 524 1023 (sed
558 972 777 1011 Antonium
810 973 912 1010 bello
945 972 1173 1019 lacessierat‚
1210 972 1411 1010 Vatinium
1444 973 1522 1023 dig-

197 1038 355 1076 natione
375 1038 566 1084 obruerat,
583 1051 672 1075 cum
694 1045 731 1075 et
753 1040 894 1075 Brutus
909 1037 1067 1076 cuilibet
1083 1040 1228 1076 ducum
1246 1040 1522 1087 praeferendus

196 1102 392 1140 uideretur
412 1110 449 1140 et
464 1102 644 1139 Vatinius
665 1101 761 1139 nulli
781 1101 931 1139 homini
952 1116 1032 1140 non
1053 1110 1154 1140 esset
1175 1104 1459 1151 postferendus‚
1482 1103 1520 1141 in
1539 1122 1559 1150 4

196 1181 275 1216 quo
313 1166 538 1205 deformitas
573 1166 743 1216 corporis
783 1180 872 1204 cum
911 1166 1150 1216 turpitudine
1189 1168 1359 1205 certabat
1391 1167 1521 1217 ingeni

160 1246 175 1275 5
195 1234 295 1270 adeo
317 1240 357 1269 ut
377 1231 530 1269 animus
551 1231 633 1269 eius
649 1231 878 1280 dignissimo
895 1231 1095 1270 domicilio
1116 1231 1287 1270 inclusus
1308 1232 1520 1284 uideretur)

197 1305 355 1345 eratque
395 1304 544 1345 septem
578 1295 796 1345 legionibus
829 1296 992 1334 ualidus.
1051 1304 1090 1334 at
1121 1298 1204 1345 lege
1237 1297 1368 1343 Pedia,
1402 1311 1519 1347 quam
1541 1312 1557 1341 5

196 1363 332 1399 consul
364 1361 507 1399 Pedius
540 1362 688 1410 collega
720 1360 895 1399 Caesaris
927 1362 1075 1407 tulerat,
1104 1361 1299 1408 omnibus,
1329 1362 1395 1411 qui
1426 1364 1520 1401 Cae-

195 1439 319 1463 sarem
351 1433 498 1475 patrem
531 1425 812 1471 interfecerant,
834 1438 936 1474 aqua
967 1424 1124 1474 ignique
1154 1426 1383 1465 †damnatis
1408 1426 1520 1465 inter-

195 1490 343 1528 dictum
365 1498 466 1527 erat:
498 1503 577 1538 quo
598 1497 773 1538 tempore
795 1489 947 1538 Capito,
970 1497 1128 1538 patruus
1151 1503 1270 1536 meus,
1295 1489 1352 1527 uir
1372 1491 1518 1529 ordinis

138 1569 151 1589 2
195 1554 387 1600 senatorii,
411 1553 605 1603 Agrippae
629 1552 856 1602 subscripsit
883 1553 921 1590 in
949 1554 992 1592 C.
1017 1553 1207 1592 Cassium.
1267 1556 1442 1604 dumque
1474 1569 1519 1593 ea
1538 1563 1557 1594 6

194 1618 232 1656 in
274 1618 385 1656 Italia
422 1626 616 1667 geruntur,
652 1617 729 1655 acri
763 1625 880 1666 atque
918 1618 1178 1667 prosperrimo
1218 1619 1321 1657 bello
1361 1619 1518 1658 Cassius

196 1685 396 1729 Rhodum,
437 1696 517 1720 rem
566 1682 733 1720 inmanis
781 1682 919 1732 operis,
969 1691 1134 1732 ceperat,
1187 1685 1329 1721 Brutus
1378 1684 1518 1734 Lycios

194 1748 401 1795 deuicerat,
442 1756 479 1786 et
518 1748 609 1786 inde
647 1747 685 1784 in
727 1747 1004 1785 Macedoniam
1044 1748 1232 1786 exercitus
1278 1748 1516 1797 traiecerant,

195 1828 283 1851 cum
305 1827 373 1862 per
392 1813 525 1851 omnia
545 1825 763 1862 repugnans
785 1820 944 1850 naturae
965 1826 1057 1851 suae
1084 1813 1242 1852 Cassius
1270 1813 1386 1852 etiam
1409 1815 1515 1853 Bruti

237 1927 256 1955 3
282 1917 390 1946 Statio
412 1916 564 1946 Vrsinus:
593 1915 685 1945 Staio
704 1915 753 1946 P:
778 1915 860 1945 Caio
879 1918 947 1953 (sic
965 1915 998 1945 A
1090 1927 1109 1954 4
1135 1916 1255 1946 Martio
1272 1916 1305 1946 A
1376 1918 1517 1956 impera-

195 1961 322 1990 tor-1bus
335 1960 390 1998 qui
407 1959 483 1997 ΑΡ,
497 1969 556 1988 em.
571 1958 779 1988 ΒοιιΙιοιιιιιιε
931 1960 951 1988 6
977 1959 1131 1989 Laodicia
1143 1959 1233 1990 BA:
1263 1960 1463 1990 Laodiceam
1475 1961 1513 2000 P,

193 2015 254 2034 mn.
277 2002 307 2031 ls
304 2014 355 2032 oss
421 2006 593 2041 expugnat
610 2001 674 2031 BA
693 2014 699 2032 :
725 2007 917 2041 expugnata
932 2002 966 2032 P
1088 2013 1104 2041 7
1131 2003 1223 2033 obire
1241 2003 1364 2034 fecerat
1384 2005 1517 2044 scn'psi:

195 2047 320 2077 fecerat
338 2045 417 2082 ΑΡ,
443 2046 530 2085 quod
551 2046 745 2075 uocabulum
769 2046 826 2077 del.
856 2046 891 2076 G.
911 2045 960 2076 A.
977 2045 1089 2076 Koclz:
1120 2047 1334 2077 interfecerat
1360 2048 1409 2076 uel
1438 2058 1516 2077 con—

196 2091 321 2120 fecerat
344 2089 545 2119 Rhenanus:
578 2089 619 2119 ad
640 2094 781 2119 mortem
805 2094 920 2127 egerat
940 2089 1084 2120 Berndl:
1120 2090 1203 2119 mori
1224 2095 1382 2128 coegerat
1402 2090 1518 2121 Novak

194 2135 235 2163 ad
255 2134 354 2163 ictum
368 2133 569 2162 Rhenanus:
587 2132 752 2162 adiectum
764 2132 835 2161 ΑΡ
902 2144 922 2172 9
938 2132 1078 2162 Antonii
1089 2132 1160 2162 ΑΡ
1231 2143 1269 2163 10
1284 2134 1467 2172 Atinioque
1479 2135 1512 2164 Α

195 2177 339 2206 uolentis
372 2175 436 2205 ΒΑ
455 2187 461 2206 :
501 2176 669 2205 uoluentis
699 2175 749 2206 P:
781 2175 909 2206 uolenti
939 2175 1074 2206 Vrsinus
1209 2187 1243 2207 11
1271 2176 1422 2206 Vatinius
1448 2177 1521 2207 ΑΡ

199 2230 236 2258 13
261 2220 341 2249 nulli
368 2220 422 2248 ιιόῑ
442 2219 580 2258 (nomini
596 2218 640 2258 P)
660 2229 728 2248 non
744 2218 834 2249 AF:
862 2219 943 2248 nulli
968 2219 1094 2249 homini
1120 2230 1187 2250 non
1204 2220 1319 2249 Aldus
1341 2221 1398 2259 qui
1419 2221 1515 2250 eliam

196 2263 277 2293 nulli
303 2273 380 2293 non.
432 2265 439 2278 ‘
456 2262 586 2291 Tradita
611 2262 695 2291 lectio
718 2262 764 2291 ad
785 2261 843 2291 lzoc
868 2263 997 2292 uidetur
1009 2262 1136 2293 ducere:
1163 2263 1242 2292 nulli
1267 2265 1349 2304 no[n
1369 2263 1514 2304 ho]mini

195 2317 274 2343 non,
299 2306 461 2345 supetssuo
480 2305 577 2334 allero
601 2316 678 2345 non,
704 2306 844 2335 arbitror
857 2306 1037 2345 posteriore,
1060 2306 1149 2345 quod
1167 2307 1235 2335 iam
1258 2306 1353 2335 delere
1368 2312 1436 2345 par
1452 2311 1496 2336 est
1508 2308 1514 2314 ”

201 2350 353 2388 Thomas,
373 2350 479 2387 itaque
489 2349 640 2387 pmetulit
657 2349 737 2379 nulli
757 2359 824 2378 non
838 2349 965 2378 homini
978 2354 1068 2379 esset
1083 2360 1113 2388 p.
1205 2360 1240 2388 14
1259 2351 1407 2388 corporis
1424 2349 1489 2379 BA
1508 2362 1514 2381 :

195 2404 259 2422 om.
277 2392 310 2422 P
413 2392 540 2430 ingenii
555 2391 626 2422 ΑΡ
757 2402 793 2429 15
819 2393 990 2422 uideretur
1005 2392 1075 2422 ΑΡ
1194 2395 1231 2422 16
1255 2398 1288 2423 at
1306 2393 1456 2432 Lipsius:
1481 2399 1514 2424 et

194 2436 227 2465 A
232 2436 282 2466 P:
307 2436 365 2465 sed
384 2436 418 2464 K
420 2436 537 2476 wysszjg
672 2436 709 2466 18
733 2436 898 2466 damnatis
915 2440 922 2452 ⁴
936 2446 1000 2466 non
1018 2436 1207 2466 desiderares
1227 2436 1257 2466 si
1270 2436 1401 2466 abesset'
1419 2437 1513 2467 Km'tz

195 2490 233 2510 21
260 2480 368 2519 adque
384 2478 417 2508 A

835 2531 874 2572 85
