1799 2864
673 225 877 264 VELLEI
910 226 1225 265 PATERCVLI

702 575 872 613 LIBER
903 575 1191 614 SECVNDVS

251 698 269 728 1
341 688 543 728 Potentiae
591 690 863 728 Romanorum
911 687 1013 738 prior
1060 688 1191 737 Scipio
1239 687 1343 726 uiam
1393 696 1606 738 aperuerat,

286 753 456 793 luxuriae
475 753 666 804 posterior
684 753 857 804 aperuit:
887 753 1033 802 quippe
1059 760 1210 791 remoto
1235 753 1480 802 Carthaginis
1501 761 1608 792 metu

286 819 517 869 sublataque
545 818 684 869 imperi
711 819 866 857 aemula
894 832 975 856 non
1004 819 1137 867 gradu,
1160 819 1230 856 sed
1261 817 1462 868 praecipiti
1492 832 1607 857 cursu

283 899 305 922 a
334 884 476 923 uirtute
504 883 709 931 descitum,
731 885 782 922 ad
811 882 905 921 uitia
934 890 1198 921 transcursum
1212 897 1223 929 ,·
1260 891 1372 921 uetus
1402 882 1609 932 disciplina

284 950 446 996 deserta,
469 962 574 988 noua
602 948 763 987 inducta
777 963 787 995 ,-
826 947 866 986 in
896 961 1079 986 somnum
1108 961 1132 985 a
1160 946 1311 997 uigiliis,
1333 947 1383 985 ab
1411 947 1528 985 armis
1557 948 1608 986 ad
1628 954 1645 986 5

248 1030 263 1051 2
286 1015 517 1064 uoluptates,
539 1027 562 1052 a
581 1013 746 1063 negotiis
767 1012 807 1050 in
828 1011 951 1051 otium
972 1025 1163 1050 conuersa
1183 1011 1329 1050 ciuitas.
1375 1019 1459 1050 tum
1476 1011 1608 1062 Scipio

285 1078 428 1117 Nasica
456 1078 495 1117 in
526 1078 722 1128 Capitolio
751 1077 935 1128 porticus,
966 1085 1062 1124 tum,
1093 1090 1189 1127 quas
1218 1076 1492 1126 praediximus,
1526 1079 1609 1116 Me-

283 1145 407 1191 tellus,
447 1152 531 1182 tum
568 1143 609 1181 in
642 1143 746 1181 circo
785 1144 856 1182 Cn.
899 1142 1088 1181 Octauius
1127 1143 1251 1180 multo
1289 1141 1608 1180 amoenissimam

285 1208 408 1246 moliti
452 1215 553 1255 sunt,
592 1207 872 1258 publicamque
916 1206 1247 1256 magnificentiam
1285 1215 1418 1244 secuta
1458 1206 1609 1256 priuata

245 1288 263 1317 3
284 1273 431 1311 luxuria
468 1281 536 1311 est.
608 1272 714 1310 triste
752 1271 898 1310 deinde
936 1279 974 1309 et
1011 1271 1342 1310 contumeliosum
1380 1271 1528 1309 bellum
1567 1271 1606 1309 in
1631 1282 1669 1304 10

284 1337 479 1387 Hispania
512 1338 613 1375 duce
646 1338 842 1374 latronum
872 1335 1051 1374 Viriatho
1085 1343 1263 1374 secutum
1293 1343 1374 1374 est:
1417 1336 1526 1386 quod
1555 1335 1608 1374 ita

282 1402 388 1440 uaria
416 1403 571 1440 fortuna
599 1409 751 1451 gestum
781 1408 850 1447 est,
872 1408 914 1438 ut
941 1399 1095 1450 saepius
1122 1402 1394 1438 Romanorum
1415 1407 1609 1449 gereretur

282 1468 455 1505 aduersa.
515 1467 585 1505 sed
608 1465 844 1515 interempto
864 1464 1043 1503 Viriatho
1072 1466 1207 1503 fraude
1236 1464 1358 1514 magis
1388 1477 1507 1514 quarn
1536 1464 1609 1502 uir—

243 1538 263 1567 4
284 1540 365 1570 tute
395 1530 533 1570 Seruili
560 1529 772 1580 Caepionis
800 1529 1089 1568 Numantinum
1115 1529 1270 1579 grauius
1302 1528 1450 1568 exarsit.
1509 1530 1607 1568 haec

283 1597 373 1635 urbs
394 1608 611 1646 numquam
632 1596 742 1645 plura
762 1607 880 1644 quam
901 1595 1040 1632 decem
1068 1595 1176 1631 milia
1196 1593 1373 1643 propriae
1394 1593 1608 1632 iuuentutis
1632 1605 1668 1637 15

282 1660 457 1708 armauit,
473 1661 543 1699 sed
562 1661 625 1698 uel
646 1658 790 1698 ferocia
809 1658 941 1708 ingeni
961 1660 1024 1696 uel
1044 1657 1197 1697 inscitia
1217 1666 1439 1697 nostrorum
1460 1659 1607 1696 ducum

282 1728 346 1765 uel
376 1727 554 1764 fortunae
585 1723 829 1773 indulgentia
859 1736 949 1761 curn
978 1722 1074 1761 alios
1102 1724 1234 1769 duces,
1257 1730 1340 1760 tum
1372 1721 1606 1771 Pompeium

282 1791 413 1842 magni
446 1789 617 1829 nominis
650 1789 778 1827 uirum
811 1789 862 1826 ad
893 1788 1115 1837 turpissima
1146 1787 1306 1826 deduxit
1341 1788 1498 1826 foedera
1528 1786 1608 1838 (hic

281 1857 429 1906 primus
450 1869 470 1894 e
492 1853 676 1904 Pompeis
697 1854 835 1892 consul
855 1852 955 1903 fuit),
977 1866 1050 1891 nec
1072 1852 1200 1890 minus
1220 1851 1347 1902 turpia
1372 1866 1417 1891 ac
1444 1853 1609 1891 detesta-

244 1934 260 1963 5
282 1921 374 1959 bilia
423 1919 656 1959 Mancinum
702 1918 920 1957 Hostilium
964 1918 1178 1956 consulem.
1255 1918 1325 1955 sed
1374 1917 1608 1967 Pompeium
1629 1930 1669 1953 20

282 1985 402 2035 gratia
438 1983 663 2035 inpunitum
706 1982 854 2030 habuit,
897 1981 1130 2021 Mancinum
1168 1981 1407 2021 uerecundia
1445 1981 1609 2033 (quippe

284 2064 363 2089 non
401 2048 637 2099 recusando)
677 2047 856 2098 perduxit
903 2048 991 2094 huc,
1032 2055 1074 2085 ut
1112 2060 1180 2096 per
1217 2046 1356 2085 fetialis
1395 2048 1525 2085 nudus
1562 2059 1609 2084 ac

284 2123 508 2165 postergum
528 2112 695 2163 religatis
716 2111 898 2151 manibus
925 2113 1132 2151 dederetur
1158 2111 1347 2150 hostibus.
1407 2125 1526 2162 quem
1555 2110 1609 2149 illi

1513 2216 1593 2242 Haec

326 2264 345 2292 3
371 2252 500 2292 imperii
514 2250 585 2282 ΑΡ
698 2251 719 2281 8
741 2250 1036 2281 amenissimamA
1167 2260 1206 2288 14
1230 2249 1410 2290 Coep.AP
1493 2250 1611 2281 Habet

689 2300 724 2325 x;

285 2330 314 2359 A.
440 2338 477 2368 15
502 2337 682 2368 numquam
726 2328 821 2367 plura
838 2338 937 2366 quam
955 2327 1110 2367 propriae
1127 2328 1159 2358 A
1177 2339 1184 2357 ι
1209 2337 1388 2366 numquam
1406 2327 1437 2357 ft.
1456 2325 1552 2365 plura
1567 2325 1609 2367 P,

284 2384 359 2404 corr.
378 2372 490 2403 Aldus
624 2372 663 2401 16
686 2369 893 2410 ingeniiAP
971 2371 1102 2401 inscitia
1119 2370 1205 2401 AP:
1231 2369 1336 2401 inscia
1356 2371 1405 2401 B:
1430 2370 1608 2401 inscientia

284 2415 427 2446 Moebius
590 2424 630 2445 21
655 2415 781 2454 quippe
807 2424 874 2444 non
899 2415 1086 2445 recusando
1113 2414 1319 2455 parenlllesin
1340 2414 1417 2453 fecit
1451 2413 1604 2452 Thomas,

285 2459 513 2499 interpolatum
542 2462 633 2489 ratus
662 2462 707 2488 est
732 2455 869 2488 Nova'k:
901 2458 1079 2497 quicquam
1113 2467 1225 2488 noxae
1257 2457 1434 2488 recusandi
1467 2456 1612 2497 Maduzgr

281 2502 486 2541 probabiliter
622 2511 663 2532 22
687 2501 845 2541 perduxit
861 2500 912 2531 P:
936 2500 1096 2541 produxit
1112 2501 1144 2532 A
1237 2500 1385 2532 soecial‘es
1401 2511 1437 2531 ex
1454 2499 1607 2532 f&itiales

283 2546 315 2575 A
470 2555 511 2585 23
534 2549 730 2586 postergum
746 2545 779 2575 A

928 2608 967 2629 20
