1799 2864
128 927 165 949 10

127 1247 160 1277 15

121 1572 160 1593 20

730 220 898 257 LIBER
930 221 971 257 ΙΙ

190 334 334 373 deinde
356 335 459 373 bello
480 335 667 372 lacessere
693 334 893 379 auderent,
916 332 1069 382 utrique
1094 346 1249 370 summo
1276 331 1508 381 imperatori,

189 399 297 436 alteri
324 397 529 447 superstiti,
553 397 707 435 meritas
734 410 880 446 poenas
912 398 1015 434 luere
1046 396 1256 446 suppliciis.
1316 410 1509 446 nusquam
1533 415 1546 434 ι

189 472 268 502 erat
308 462 517 512 Pompeius
562 475 734 511 corpore,
774 464 904 500 adhuc
949 462 1096 511 ubique
1141 463 1299 500 uiuebat
1338 463 1508 501 nomine.

189 529 333 578 quippe
365 528 500 576 ingens
531 527 698 576 partium
726 527 808 565 eius
838 529 948 565 fauor
975 528 1120 565 bellum
1151 527 1385 565 excitauerat
1415 528 1511 564 Afri-

187 606 288 638 cum,
318 593 425 641 quod
455 591 582 629 ciebat
612 605 677 629 rex
707 592 807 629 Iuba
836 599 873 629 et
903 591 1045 640 Scipio,
1077 591 1135 629 uir
1165 591 1389 637 consularis,
1420 599 1511 629 ante

188 655 389 693 biennium
406 668 523 705 quam
545 655 852 704 exstingueretur
868 655 1090 704 Pompeius,
1114 657 1236 693 lectus
1257 656 1307 693 ab
1323 669 1370 693 eo
1388 669 1508 702 socer,
1532 674 1549 702 3

185 735 400 771 eorumque
426 721 558 770 copias
585 729 742 759 auxerat
770 723 824 759 M.
849 723 960 767 Cato,
987 721 1133 771 ingenti
1163 734 1253 758 curn
1283 720 1510 759 difficultate

184 785 365 824 itinerum
396 787 651 835 locorumque
685 786 817 835 inopia
851 786 1047 835 perductis
1081 787 1132 823 ad
1166 798 1233 823 eos
1268 784 1509 834 legionibus:

184 851 251 900 qui
281 851 338 888 uir
367 864 456 889 cum
489 864 687 889 summurn
717 851 752 889 ei
780 865 803 889 a
832 851 1019 889 militibus
1049 852 1261 889 deferretur
1289 850 1507 899 imperium,

185 915 423 953 honoratiori
443 929 576 964 parere
597 915 742 953 maluit.

237 980 438 1017 Admonet
465 979 679 1028 promissae
706 979 905 1017 breuitatis
927 981 1036 1026 fides,
1058 986 1207 1028 quanto
1234 978 1367 1016 omnia
1392 986 1509 1017 trans·
1527 990 1576 1028 55

182 1056 296 1080 cursu
336 1043 505 1081 dicenda
542 1043 628 1081 sint.
688 1057 856 1093 sequens
895 1046 1089 1082 fortunam
1136 1057 1246 1081 suam
1286 1044 1430 1081 Caesar
1468 1051 1508 1081 ut

182 1114 387 1156 peruectus
415 1107 453 1144 in
475 1107 646 1145 Africam
671 1115 739 1154 est,
763 1121 880 1157 quam
908 1108 1039 1146 occiso
1061 1107 1244 1153 Curione,
1269 1107 1507 1144 Iulianarum

182 1172 283 1209 duce
316 1172 494 1221 partium,
530 1172 760 1221 Pompeiani
795 1172 1026 1210 obtinebant
1060 1171 1260 1218 exercitus,
1294 1171 1347 1209 ibi
1381 1171 1507 1220 primo

182 1236 287 1274 uaria
325 1238 489 1282 fortuna,
531 1250 621 1274 mox
659 1236 847 1285 pugnauit
889 1250 968 1283 sua,
1009 1235 1296 1284 inclinataeque
1335 1235 1506 1273 hostium

181 1299 340 1349 copiae:
372 1313 444 1338 nec
473 1300 670 1338 dissimilis
701 1300 754 1337 ibi
783 1301 970 1338 aduersus
1001 1300 1125 1338 uictos
1150 1313 1268 1349 quam
1295 1300 1334 1337 in
1362 1300 1507 1349 priores
1530 1314 1542 1333 ε

181 1363 389 1402 clementia
418 1365 594 1403 Caesaris
625 1364 705 1402 fuit.
765 1364 954 1402 uictorem
982 1364 1154 1402 Africani
1182 1364 1273 1402 belli
1298 1365 1506 1403 Caesarem

179 1428 334 1478 grauius
365 1429 515 1478 excepit
548 1428 813 1478 Hispaniense
835 1428 942 1480 (nam
972 1429 1098 1466 uictus
1128 1429 1178 1466 ab
1208 1442 1255 1466 eo
1286 1430 1506 1467 Pharnaces

180 1493 243 1530 uix
272 1493 488 1542 quidquam
517 1493 660 1542 gloriae
690 1493 772 1531 eius
801 1492 1017 1542 adstruxit),
1040 1494 1148 1541 quod
1178 1494 1249 1531 Cn.
1281 1493 1504 1542 Pompeius,

181 1557 315 1606 Magni
351 1557 461 1603 filius,
492 1558 723 1595 adulescens
754 1557 921 1606 impetus
950 1559 1001 1595 ad
1036 1558 1137 1595 bella
1167 1557 1335 1603 maximi,
1367 1557 1503 1606 ingens

176 1634 222 1658 ac
261 1621 429 1659 terribile
467 1623 716 1668 conflauerat,
753 1621 928 1671 undique
966 1622 1017 1659 ad
1055 1635 1145 1659 eum
1184 1623 1314 1659 adhuc
1353 1622 1501 1670 paterni

177 1685 346 1723 nominis
379 1685 689 1735 magnitudinem
723 1686 971 1736 sequentium
1003 1700 1049 1724 ex
1080 1694 1163 1725 toto
1193 1687 1287 1724 orbe
1316 1694 1501 1724 terrarum

177 1749 326 1787 auxiliis
357 1749 657 1788 confluentibus.
717 1764 786 1788 sua
816 1752 1024 1789 Caesarem
1054 1751 1093 1788 in
1120 1751 1355 1800 Hispaniam
1386 1751 1505 1789 corni-
1521 1767 1537 1795 3

177 1821 255 1851 tata
279 1815 433 1852 fortuna
460 1822 528 1860 est,
551 1815 620 1852 sed
648 1816 799 1852 nullum
826 1828 1015 1865 umquam
1042 1815 1211 1853 atrocius
1236 1815 1505 1864 periculosius—

140 1897 154 1927 ,-
177 1892 254 1928 que
274 1880 323 1917 ab
344 1893 392 1917 eo
413 1879 551 1917 initum
572 1880 776 1929 proelium,
799 1881 900 1918 adeo
921 1888 962 1918 ut
984 1882 1070 1930 plus
1091 1894 1209 1930 quam
1231 1880 1354 1918 dubio
1377 1882 1504 1918 Marte

177 1944 433 1982 descenderet
467 1958 570 1994 equo
603 1944 902 1994 consistensque
935 1953 1026 1983 ante
1060 1946 1309 1983 recedentem
1344 1958 1503 1983 suorum

223 2057 235 2077 1
255 2057 384 2077 summo
398 2047 593 2087 imperatori
609 2048 767 2079 Cludius:
793 2059 924 2079 summo
942 2050 1181 2088 imperatorum
1193 2049 1278 2080 AP:
1297 2059 1501 2079 summorum

178 2090 364 2120 Mommsen
506 2101 525 2120 2
549 2095 622 2121 ante
645 2092 740 2122 alteri
767 2092 898 2131 Lipsius
921 2094 1085 2132 supplebat
1109 2093 1204 2123 alteri
1234 2098 1379 2129 mortuO,
1407 2093 1507 2122 Orelli

177 2139 308 2164 mortuo
325 2134 421 2164 alteri
540 2145 560 2172 3
585 2135 720 2165 uiuebat
748 2136 900 2175 Lipsius:
925 2137 1021 2166 iubae
1045 2142 1202 2175 suprascr.
1223 2136 1301 2165 uiuo
1318 2136 1349 2164 A
1369 2147 1375 2165 :
1402 2136 1502 2166 lubae

176 2177 224 2208 P:
244 2178 437 2207 uocabnlmn
452 2177 509 2208 del.
522 2178 755 2218 Ssn'ner:f0rt.
771 2189 867 2209 uiuos
936 2181 956 2208 6
973 2185 1039 2210 ext.
1055 2179 1124 2209 ΑΡ
1191 2190 1288 2209 socer
1301 2179 1364 2208 BA
1383 2191 1389 2209 :
1406 2189 1502 2209 sacer

178 2220 211 2250 P
296 2222 315 2250 8
334 2221 567 2261 locorumque]
588 2232 818 2261 aquarumque
838 2223 1080 2262 Raplzeleugins
1157 2234 1178 2262 9
1202 2233 1220 2252 a
1239 2223 1398 2252 militibus
1417 2222 1497 2254 BA:

175 2264 320 2294 ambitus
344 2264 376 2293 Ρ
508 2274 546 2295 10
569 2275 689 2304 parere
707 2266 829 2297 Bm'er:
856 2276 974 2305 parare
991 2266 1042 2297 P:
1068 2268 1176 2305 parari
1192 2266 1224 2295 A
1244 2278 1250 2296 :
1275 2266 1385 2304 pareri
1406 2266 1506 2296 Orelli

178 2317 212 2337 11
237 2308 371 2346 quando
388 2307 421 2336 A
504 2318 540 2337 12
557 2313 634 2339 sunt
650 2309 683 2338 A
775 2314 810 2339 ut
828 2314 1007 2348 peruectus
1037 2310 1153 2349 scm‘psi,
1166 2310 1201 2348 <f
1219 2319 1270 2347 50.
1289 2320 1308 2338 2
1376 2310 1408 2339 in
1428 2320 1501 2348 per-

175 2356 292 2381 uectus
306 2351 337 2380 A
353 2363 358 2382 :
378 2357 559 2389 peruectus
573 2351 606 2380 P
672 2363 710 2391 13
728 2358 779 2382 est
793 2353 911 2383 Orelli:
929 2352 1004 2383 etA
1022 2365 1027 2383 ε
1046 2364 1111 2384 om.
1124 2352 1157 2382 P
1196 2352 1270 2382 Vide
1282 2352 1408 2383 Comm.
1425 2352 1500 2383 Cn't.

178 2403 214 2432 15
239 2394 382 2431 fortuna,
397 2404 475 2424 mox
492 2405 521 2433 p.
536 2405 595 2424 sua
612 2395 783 2425 Acidalins
804 2400 832 2426 et
848 2396 999 2436 Lipsius:
1025 2397 1192 2426 fortunam
1217 2395 1428 2435 expugnauit
1449 2397 1503 2426 uia

174 2437 245 2467 ΑΡ
386 2448 422 2476 17
447 2437 550 2468 Africi
573 2438 696 2477 Nomik,
716 2440 752 2478 cf.
769 2448 819 2477 54.
840 2450 868 2479 2,
889 2450 938 2478 55.
959 2450 988 2477 2,
1010 2450 1079 2479 129.
1099 2451 1118 2477 4
1217 2440 1253 2471 C.
1273 2440 1456 2470 Caesarem
1474 2439 1507 2470 P

174 2491 215 2520 23
239 2482 394 2512 comitata
410 2485 464 2512 est
480 2482 614 2512 fortuna
630 2488 682 2513 est
698 2482 730 2512 A
751 2484 819 2524 (sic)
834 2495 840 2515 ;
866 2494 949 2513 uum
966 2493 992 2514 c.
1013 2488 1063 2514 est
1081 2483 1233 2514 fortuna?

818 2542 856 2576 73
