1799 2864
677 233 880 270 VELLEI
914 233 1231 272 PATERCVLI

221 345 275 381 26
351 342 506 381 Deinde
539 345 721 382 consules
755 344 886 383 Carbo
917 344 1071 382 tertium
1102 352 1140 382 et
1171 345 1215 383 C.
1254 343 1413 389 Marius,
1450 343 1620 392 septiens

294 408 466 446 consulis
501 408 612 455 filius,
647 422 772 447 annos
808 416 921 446 natus
952 421 1066 455 xxvl,
1103 409 1160 446 uir
1190 408 1310 446 animi
1346 408 1466 457 magis
1501 422 1619 458 quarn

293 471 380 509 aeui
428 472 589 521 paterni,
630 474 752 510 multa
798 473 1024 522 fortiterque
1072 473 1229 511 molitus
1277 487 1405 522 neque
1453 486 1618 522 usquam

294 536 451 574 inferior
485 537 654 575 nominis
686 537 817 583 titulis,
845 538 952 586 apud
983 537 1247 587 Sacriportum
1282 539 1416 587 pulsus
1454 550 1477 574 a
1515 538 1621 575 Sulla

293 601 377 639 acie
398 603 617 648 Praeneste,
640 603 748 651 quod
768 610 859 640 ante
880 610 1016 639 natura
1043 602 1237 640 munitum
1265 602 1465 651 praesidiis
1498 603 1621 639 firma·
1641 639 1648 647 ,

258 683 271 702 .›
294 673 412 712 uerat,
448 680 489 703 se
523 665 814 715 exercitumque
848 665 1023 704 contulit.
1083 679 1132 703 ne
1171 666 1266 716 quid
1304 680 1470 716 usquam
1509 665 1620 703 malis

294 730 460 779 publicis
481 732 646 776 deesset,
669 730 708 767 in
729 744 807 780 qua
827 730 984 769 ciuitate
1011 744 1165 780 semper
1191 730 1398 769 uirtutibus
1430 739 1618 769 certatum

293 802 384 841 erat,
416 795 635 832 certabatur
667 794 889 842 sceleribus,
919 794 1171 844 optimusque
1203 795 1276 833 sibi
1307 795 1524 842 uidebatur,
1553 795 1619 845 qui

293 860 414 896 fuerat
452 859 655 908 pessimus.
715 859 860 909 quippe
891 861 987 898 dum
1020 861 1071 898 ad
1105 859 1369 909 Sacriportum
1401 859 1618 906 dimicatur,

296 923 558 972 Damasippus
578 931 732 972 praetor
750 923 969 962 Domitium
990 955 997 962 .
1021 955 1029 962 .
1052 955 1074 970 .‚
1098 926 1328 962 Scaeuolam
1349 924 1477 971 etiarn,
1495 924 1620 974 ponti-

293 989 405 1025 ficem
439 987 652 1025 maximum
682 996 720 1026 et
751 988 874 1026 diuini
906 988 1148 1038 humanique
1177 988 1268 1027 iuris
1296 996 1497 1027 auctorem
1524 990 1621 1027 cele-

294 1052 516 1099 berrimum,
539 1060 577 1090 et
604 1054 647 1091 C.
672 1053 897 1091 Carbonem
924 1053 1172 1102 praetorium,
1195 1053 1367 1091 consulis
1394 1055 1560 1100 fratrem,
1583 1061 1620 1090 et

292 1116 507 1154 Antistium
527 1116 751 1155 aedilicium
779 1119 886 1155 uelut
913 1117 1080 1155 fauentis
1107 1119 1236 1156 Sullae
1260 1118 1434 1167 partibus
1455 1118 1494 1155 in
1516 1117 1621 1155 curia

254 1195 270 1223 J,
294 1182 467 1220 Hostilia
497 1181 715 1220 trucidauit.
775 1196 855 1221 non
887 1184 1023 1232 perdat
1058 1182 1290 1221 nobilissimi
1328 1183 1419 1221 facti
1457 1182 1618 1232 gloriam

293 1247 515 1296 Calpurnia,
558 1247 711 1285 Bestiae
749 1247 837 1293 filia,
878 1261 974 1285 uxor
1011 1247 1167 1294 Antisti,
1208 1261 1308 1297 quae
1352 1247 1536 1297 iugulato,
1577 1254 1618 1284 ut
1661 1285 1670 1294 ,

293 1311 566 1360 praediximus,
589 1311 672 1349 uiro
699 1311 830 1361 gladio
857 1325 897 1349 se
924 1311 1008 1361 ipsa
1034 1311 1231 1350 transfixit.
1291 1320 1482 1362 quantum
1503 1311 1618 1349 huius

291 1376 435 1425 gloriae
456 1377 661 1426 famaeque
681 1376 845 1415 accessit
866 1390 971 1415 nunc
995 1376 1138 1415 uirtute
1164 1377 1356 1415 feminae!
1386 1390 1449 1415 nec
1466 1376 1621 1426 propria

292 1442 394 1478 latet.

221 1513 270 1550 27
346 1507 398 1543 At
420 1505 584 1543 Pontius
604 1505 823 1553 Telesinus,
846 1507 925 1544 dux
949 1506 1195 1553 Samnitium,
1218 1506 1276 1544 uir
1301 1506 1421 1544 animi
1449 1506 1620 1556 bellique

292 1570 523 1608 fortissimus
554 1570 790 1620 penitusque
822 1573 1006 1609 Romano
1036 1571 1187 1609 nomini
1216 1571 1499 1618 infestissimus,
1531 1585 1621 1609 con·
1643 1589 1655 1609 .›

293 1634 421 1673 tractis
449 1634 599 1673 circiter
623 1647 678 1672 XL
707 1636 859 1673 milibus
884 1635 1116 1674 fortissimae
1142 1635 1553 1686 pertinacissimaeque
1580 1636 1618 1673 in

339 1760 351 1780 1
380 1746 458 1781 CR.
479 1750 510 1779 A
529 1761 535 1780 :
560 1750 686 1781 COSS.
704 1750 737 1780 P
822 1751 858 1782 C.
876 1750 1002 1782 Marius
1019 1752 1171 1790 septiens
1189 1751 1268 1786 (-ies
1285 1750 1329 1791 P>
1348 1751 1484 1782 CONS.
1503 1750 1617 1790 (COS.

292 1793 336 1831 P)
350 1794 382 1823 A
388 1793 421 1823 P
505 1805 525 1833 3
549 1794 625 1824 aeui
643 1794 714 1823 ΑΡ
730 1794 865 1835 ‘quippe
879 1795 938 1833 qui
952 1795 1134 1825 adulescens
1149 1795 1358 1834 interemptus
1374 1798 1503 1834 patrem
1521 1798 1621 1824 aetate

293 1848 358 1866 non
375 1836 576 1877 aeqnaueiit‘
601 1837 773 1877 Milkemp.
791 1847 833 1877 95
854 1842 883 1868 et
900 1839 945 1868 sic
962 1838 1030 1867 iam
1049 1838 1194 1868 Laurent
1216 1841 1244 1867 et
1267 1838 1399 1868 Scriner
1413 1843 1445 1878 p.
1464 1847 1505 1876 45
1521 1849 1528 1868 z
1563 1837 1618 1867 fati

292 1880 471 1911 Heinsius:
510 1881 624 1919 ingeni
644 1881 763 1912 Orelli:
795 1882 902 1920 magis
918 1882 1012 1912 saeui
1030 1892 1130 1920 quam
1148 1892 1177 1920 p.
1196 1881 1343 1920 Bernays
1444 1893 1462 1920 4
1482 1882 1619 1911 nomine

292 1924 377 1954 stilis
391 1924 423 1953 A
441 1928 476 1954 ul
498 1925 582 1954 mihi
597 1925 707 1954 uisum
729 1929 796 1956 est:
821 1925 904 1955 st'lis
924 1929 959 1955 ut
977 1925 1123 1955 Fechtero
1139 1937 1145 1956 :
1162 1925 1244 1955 sulis
1265 1929 1300 1954 nt
1319 1924 1455 1956 Orellio:
1482 1925 1619 1955 nomine

293 1967 441 1998 consulis
454 1967 504 1998 P:
529 1969 665 1998 nomine
683 1978 755 2000 suo.
778 1969 810 1999 Is
826 1969 942 1999 Orelli:
967 1969 1110 1999 nominis
1129 1969 1231 1999 titulis
1244 1968 1357 2007 sci-ipsi
1479 1978 1498 2007 5
1523 1968 1619 2008 ante]

292 2016 364 2041 arte
389 2016 422 2041 et
444 2011 566 2051 Haase,
589 2015 617 2041 el
639 2012 683 2041 sic
702 2012 834 2052 Bentley
857 2013 890 2043 in
911 2012 956 2043 ed.
980 2012 1097 2043 Heius.
1239 2013 1260 2041 6
1284 2022 1430 2049 unquam
1455 2011 1531 2049 ΑΡ,
1558 2023 1618 2043 eni.

292 2053 462 2084 Puteanus
616 2065 633 2093 7
659 2056 798 2094 publicis
835 2055 869 2085 P
895 2059 924 2085 et
954 2055 987 2085 A
1021 2056 1055 2086 in
1089 2066 1151 2095 quo
1182 2055 1271 2095 quod
1300 2055 1430 2094 publice
1465 2056 1619 2096 scriptum

293 2098 424 2127 tradidit
450 2098 557 2137 Orelli,
585 2098 728 2138 deceptus
749 2103 794 2129 est
817 2099 1024 2140 compendio:
1055 2100 1100 2129 sic
1114 2099 1301 2138 adsumptis
1325 2109 1376 2137 32.
1402 2110 1421 2137 4
1581 2110 1620 2130 10

294 2141 477 2171 Domitium
510 2142 732 2183 consularem,
768 2143 965 2173 Scaevolam
1004 2143 1150 2172 Mucium
1185 2143 1264 2182 (ont.
1303 2143 1417 2182 etiam)
1456 2141 1620 2172 Ruhnken

295 2186 333 2214 16
357 2185 429 2224 ipsa
454 2184 511 2215 A:
537 2185 643 2224 ipsam
667 2186 700 2215 P
842 2197 877 2226 17
902 2187 1020 2217 fa-mi-l-u»
1043 2186 1206 2224 famaeque
1230 2186 1263 2215 A
1292 2186 1361 2225 (sic)
1474 2186 1619 2216 feminae

294 2238 355 2258 nec
388 2228 526 2267 propria
556 2229 701 2259 Thomas
732 2230 826 2260 ualde
848 2231 1072 2271 probabiliter:
1111 2230 1237 2260 eminet
1263 2230 1371 2268 patria
1397 2228 1485 2259 AP:
1530 2240 1618 2259 nunc

294 2272 417 2302 uirtute
435 2272 579 2302 feminae
597 2273 731 2312 propria
749 2278 841 2312 patet
858 2274 978 2314 Haupt
1095 2282 1133 2312 19
1157 2273 1257 2303 animi
1275 2272 1364 2303 AP:
1391 2273 1493 2302 ‘alias
1509 2273 1597 2302 domi
1612 2273 1619 2283 '

293 2316 475 2345 Rhenanus
490 2327 497 2346 z
520 2316 622 2345 animi
637 2316 821 2347 acerrimus
832 2317 977 2349 Scm'nrr:
999 2317 1100 2347 animi
1114 2317 1314 2347 fortissimus
1327 2316 1471 2355 bellique
1491 2316 1618 2354 peritus

293 2358 415 2390 Haase.
469 2359 539 2389 Sed
573 2360 707 2398 penitus
738 2364 783 2390 est
816 2361 955 2391 ‘intima
986 2359 1116 2391 mente'
1149 2364 1185 2389 ut
1214 2360 1350 2390 ostendit
1382 2360 1418 2390 G.
1450 2359 1496 2390 A.
1529 2359 1618 2389 Koch

293 2402 437 2440 Quaestt.
470 2402 546 2433 Vell.
566 2408 600 2442 p.
632 2413 665 2432 11
798 2415 840 2435 20
864 2415 1006 2435 romano
1029 2415 1067 2435 ex
1090 2414 1303 2434 romanorum
1327 2403 1360 2432 A
1495 2413 1533 2433 21
1560 2413 1613 2434 XL.

292 2445 324 2474 A
340 2457 346 2477 :
373 2445 426 2476 Ξῖ.
446 2445 498 2477 Ρ;
522 2447 566 2477 L—:x'
582 2447 717 2487 Lipsius

932 2556 975 2585 44
