1799 2864
604 227 1032 264 PROLEGOMENA

155 350 227 374 esse
243 338 288 384 A,
311 337 474 385 equestri
491 338 669 383 Burerus,
692 337 871 384 equestris
888 338 927 373 P.
975 336 1055 373 Hic
1076 337 1156 373 duo
1178 344 1366 373 testantur
1381 336 1484 373 abla-

157 407 292 453 tiuum,
315 420 392 444 una
413 408 442 443 P
463 407 650 454 equestris.
711 406 900 445 Cedimus
931 405 1078 454 duplici
1094 404 1321 444 testimonio
1340 421 1348 452 3
1378 406 1483 444 uide-

155 477 244 515 licet
263 477 410 514 ordinis
429 484 655 525 corruptum
687 478 810 514 fuerat
835 476 873 513 in
898 477 1135 525 archetypo5
1164 477 1326 514 fortasse
1353 478 1484 513 ordine

153 547 192 584 in
224 548 365 586 ordine
390 546 464 596 (est
491 555 518 583 (b
542 546 822 595 compendium
859 545 1069 595 scripturae
1099 559 1169 595 pro
1197 545 1259 596 -z's)
1288 554 1480 584 mutatum

153 617 284 653 fuerat.
346 617 466 664 Quod
500 624 630 654 autem
663 619 699 654 A
734 617 851 654 habet
882 617 1071 665 sequestri,
1107 618 1274 654 Burerus
1308 617 1479 664 equestri,

152 687 270 724 credo
290 688 341 724 ad
364 687 668 724 Murbacensem
689 686 848 736 propius
870 689 905 724 A
925 688 1114 724 accedere
1131 701 1141 733 3
1169 700 1187 724 s
1206 686 1302 724 illud
1326 694 1415 735 post
1430 699 1481 723 ex

151 764 291 805 sponte
311 757 533 795 adcreuisse
559 770 627 806 per
648 756 734 795 soni
755 756 1062 804 similitudinem,
1089 758 1324 806 arseqzzestri,
1349 770 1481 806 quem—

149 828 366 866 admodum
394 829 553 877 exsequi,
576 829 716 877 exequi
732 828 958 877 saepissime
978 828 1078 866 inter
1098 842 1138 866 se
1160 836 1308 866 mutata
1337 836 1479 875 extant,

150 897 202 936 ita
232 906 362 936 tamen
388 907 429 937 ut
455 914 529 937 exs.
552 901 818 949 frequentetur
839 900 960 949 magis
981 900 1020 937 in
1041 900 1332 950 antiquissimis.

205 983 237 1018 3.
272 970 367 1008 Loci
388 970 426 1007 in
449 971 591 1020 quibus
613 974 648 1008 A
670 979 706 1009 et
729 971 931 1021 B(urerus)
954 979 1090 1009 contra
1110 974 1140 1009 P
1162 972 1396 1021 conspirant.

203 1039 238 1077 ii.
268 1052 323 1089 15.
353 1055 366 1078 1
391 1043 628 1079 Fontemimn
650 1043 732 1087 AB,
754 1043 953 1079 Emteium
976 1044 1017 1080 P.
1078 1056 1137 1091 32.
1167 1057 1180 1079 I
1210 1044 1371 1080 nimium
1401 1044 1478 1080 iam

148 1111 243 1147 liber
274 1117 378 1148 aeret
405 1113 495 1160 reip.
530 1114 613 1159 AB,
646 1113 742 1149 liber
771 1126 856 1149 aere
896 1114 985 1162 reljJ.
1023 1115 1063 1150 P.
1125 1112 1205 1150 Hic
1239 1114 1478 1162 archetypon

147 1186 250 1218 aeret
268 1181 397 1230 potius
418 1195 536 1231 quam
558 1196 642 1219 aere
662 1182 898 1231 praestitisse
928 1182 1071 1229 iudico,
1095 1183 1274 1232 quamuis
1296 1183 1335 1221 in
1357 1183 1479 1222 dubio

148 1251 195 1289 sit
216 1252 312 1300 quid
343 1252 382 1290 in
412 1252 479 1290 illo
508 1258 581 1290 -ret
607 1254 734 1299 lateat,
766 1253 968 1302 possitque
1000 1267 1046 1291 ex
1078 1267 1184 1291 mera
1218 1254 1479 1303 dittographia

148 1322 314 1369 uenisse,
348 1336 437 1360 cum
465 1324 524 1360 rei
551 1325 651 1361 male
683 1325 902 1361 confusum.
963 1326 1025 1360 An
1061 1324 1203 1362 excidit
1222 1324 1259 1373 f,
1291 1325 1476 1374 paulatim

147 1392 293 1431 deinde
322 1408 368 1431 ex
398 1395 534 1431 liberae
543 1395 641 1443 fieri
657 1395 746 1443 resp.
771 1396 984 1432 conflatum
1006 1402 1063 1432 est
1084 1397 1180 1432 liber
1197 1397 1326 1433 aeret?
1369 1409 1429 1442 44.
1457 1410 1475 1432 2

148 1465 371 1501 auctoritate
389 1466 550 1513 Pompei
566 1466 650 1502 m'ri
666 1466 814 1502 uiribus
830 1470 969 1502 teneret
987 1466 1164 1504 Caesaris
1179 1468 1215 1503 A
1237 1473 1273 1503 et
1297 1468 1476 1512 Burerus,

146 1534 295 1571 uiribus
314 1534 397 1572 sine
418 1536 500 1571 uiri
513 1536 553 1571 P.
615 1534 768 1572 Habuit
798 1535 912 1584 igitur
934 1535 1218 1582 Murbacensis,
1241 1536 1308 1585 qui
1330 1539 1477 1575 Burero

145 1603 185 1640 in
207 1604 388 1641 manibus
410 1612 500 1650 erat,
516 1604 620 1642 illam
643 1604 949 1653 geminationem
972 1606 1055 1642 m'ri
1072 1607 1229 1651 niz-ibas,
1252 1608 1302 1644 ad
1325 1614 1477 1644 senten-

145 1673 238 1710 tiam
260 1673 512 1722 ineptissime,
530 1675 581 1712 ad
602 1682 774 1712 nostram
797 1674 911 1712 crisin
933 1675 1137 1713 utilissime
1155 1691 1161 1713 ;
1192 1677 1233 1713 fit
1255 1676 1359 1714 enim
1382 1691 1476 1715 uero

144 1743 280 1790 simile,
296 1752 337 1781 ut
356 1746 557 1790 Burerum,
580 1744 635 1782 sic
656 1744 772 1782 etiam
790 1745 1110 1792 Amerbachium‚
1128 1746 1304 1795 ineptum
1319 1747 1415 1786 illud
1437 1748 1475 1785 in

147 1814 400 1851 Murbacensi
440 1814 587 1863 legisse.
667 1817 727 1863 87.
770 1829 784 1852 1
823 1817 883 1853 At
919 1817 1121 1865 Cleopatra
1150 1817 1364 1865 frustratis
1401 1832 1476 1856 cus-

145 1886 291 1921 todibus
322 1886 448 1922 inlata
478 1887 645 1934 aspidem
676 1899 822 1923 marsus
853 1886 989 1935 (altera
1019 1900 1036 1924 s
1068 1886 1246 1937 inducta)
1277 1902 1369 1926 sane
1398 1891 1477 1927 eius

142 1962 275 2004 expers
313 1957 506 1993 mulislaris
544 1961 662 1993 metm
699 1957 877 2005 spiritum
910 1958 1078 1994 reddidit
1107 1959 1153 2004 A,
1187 1959 1312 1996 inlata
1347 1962 1476 2009 aspide

143 2025 184 2062 in
206 2038 332 2062 morsu
350 2028 528 2072 Burerus,
551 2027 676 2062 inlata
697 2027 824 2074 aspide
845 2040 971 2063 mersu
994 2029 1033 2064 P.
1076 2029 1228 2066 Rursus
1249 2030 1475 2079 conspirant

144 2096 180 2132 A
209 2102 247 2132 et
276 2097 306 2132 B
340 2103 475 2133 contra
506 2098 546 2142 P,
581 2097 649 2133 sed
682 2098 790 2145 quod
820 2098 860 2134 2⁴72
890 2097 993 2144 huic,
1026 2112 1061 2134 m
1096 2098 1226 2147 potius
1258 2099 1384 2138 uisum
1416 2109 1474 2139 est

144 2166 432 2204 Amerbachio:
480 2166 611 2216 itaque
650 2167 721 2204 fuit
755 2167 794 2204 in
824 2169 1077 2206 Murbacensi
1106 2171 1220 2218 quod*
1245 2172 1307 2208 uel
1338 2173 1379 2209 in
1409 2174 1471 2210 uel

143 2249 178 2272 m
209 2244 341 2285 posset
372 2236 473 2285 legi3
512 2251 640 2286 neque
674 2237 714 2275 id
745 2246 848 2276 recte
879 2252 901 2276 a
936 2240 1133 2277 Rhenano
1165 2241 1353 2279 omissum
1389 2243 1471 2281 siue

141 2307 269 2344 uerius
291 2315 529 2356 expunctum
551 2315 618 2345 est.

196 2391 229 2424 4.
264 2377 359 2416 Loci
376 2379 439 2415 uel
461 2379 655 2416 uocabula
675 2392 841 2428 quorum
864 2380 1104 2429 deprauatio,
1124 2381 1222 2419 sicut
1243 2390 1345 2421 extat
1366 2383 1404 2421 in
1423 2387 1469 2431 A,

143 2448 347 2486 manifeste
374 2448 473 2486 redit
494 2450 544 2486 ad
572 2449 750 2487 codicem
776 2450 843 2498 qui
872 2464 941 2499 per
969 2459 1204 2490 uetustatem
1227 2453 1469 2502 obscuratus,

772 2521 830 2549 xix
1258 2524 1308 2560 b*
