1799 2864
101 950 138 971 10

698 242 866 278 LIBER
898 243 938 279 ΙΙ

158 351 302 390 deinde
322 359 465 390 euentu
489 350 591 389 circa
611 351 789 399 Capuam
810 350 1034 399 Scipionem
1063 351 1375 401 Norbanumque
1391 364 1481 390 con-

158 418 260 454 sules
274 423 438 465 superat,
454 428 620 464 quorum
635 415 846 452 Norbanus
859 414 942 452 acie
956 414 1093 461 uictus,
1104 415 1235 464 Scipio
1248 416 1298 453 ab
1311 416 1479 454 exercitu

159 494 230 519 suo
264 482 438 518 desertus
472 493 517 517 ac
551 479 728 528 proditus
762 479 972 517 inuiolatus
1003 493 1026 517 a
1059 480 1166 517 Sulla
1196 479 1379 517 dimissus
1410 489 1477 518 est.

158 546 258 583 adeo
288 544 391 583 enim
422 546 528 582 Sulla
557 543 754 582 dissimilis
786 543 857 581 fuit
887 544 1050 582 bellator
1075 557 1121 581 ac
1149 543 1282 590 uictor,
1317 552 1358 582 ut
1385 545 1479 582 dum
1504 565 1520 593 3

158 609 279 647 uincit
311 614 390 648 †ac
423 608 670 648 iustissimo†
697 608 830 655 lenior,
855 616 941 657 post
968 608 1171 646 uictoriam
1202 608 1338 646 audito
1369 609 1482 646 fuerit

157 673 358 712 crudelior.
418 687 509 711 nam
543 681 581 711 et
610 675 824 720 consulem,
858 681 899 711 ut
932 673 1205 722 praediximus,
1242 681 1480 711 exarmatum

159 738 432 787 Quintumque
470 737 694 784 Sertorium,
730 751 799 787 pro
838 737 974 786 quanti
1006 751 1095 775 mox
1127 737 1218 775 belli
1252 738 1404 775 faceml
1445 745 1482 775 et

158 804 301 840 multos
330 802 437 848 alios,
460 802 606 851 potitus
633 815 780 848 eorum,
803 801 949 840 dimisit
975 801 1194 847 incolumis,
1224 802 1342 839 credo
1372 809 1413 839 ut
1443 801 1480 839 in

158 869 299 905 eodem
341 867 502 905 homine
541 866 707 916 duplicis
749 880 795 904 ac
833 866 1087 905 diuersissimi
1124 866 1245 903 animi
1283 866 1481 915 conspice-

157 940 259 970 retur
279 933 511 981 exemplum.
571 940 659 981 post
679 931 883 970 uictoriam
904 936 926 971 †
940 945 1018 981 qua
1032 933 1248 969 demendes
1263 935 1284 970 †
1305 938 1482 968 montem
1504 948 1521 975 4

157 997 286 1035 Tifata
319 1011 409 1035 cum
445 998 488 1036 C.
526 998 716 1035 Norbano
751 1004 996 1035 concurrerat
1031 998 1137 1035 Sulla
1167 996 1282 1045 gratis
1318 995 1481 1041 Dianae,

158 1061 268 1099 cuius
290 1061 441 1099 numini
461 1061 566 1111 regio
590 1061 654 1099 illa
681 1069 828 1100 sacrata
854 1069 922 1108 est,
945 1061 1062 1099 soluit
1080 1076 1089 1108 3
1117 1074 1238 1110 aquas
1259 1060 1483 1099 salubritate

158 1126 197 1163 in
236 1126 442 1164 medendis
485 1126 712 1175 corporibus
752 1126 894 1164 nobilis
932 1139 1123 1175 agrosque
1165 1125 1293 1163 omnis
1334 1124 1482 1163 addixit

158 1192 265 1229 deae.
343 1191 457 1229 huius
505 1199 634 1240 gratae
681 1191 877 1240 religionis
920 1190 1149 1228 memoriam
1198 1198 1235 1228 et
1283 1189 1482 1239 inscriptio

158 1255 293 1305 templi
322 1257 450 1294 adfixa
476 1256 578 1305 posti
604 1256 802 1306 hodieque
831 1264 869 1294 et
898 1256 1031 1293 tabula
1054 1263 1215 1293 testatur
1244 1268 1356 1292 aerea
1384 1254 1483 1292 intra

156 1321 306 1358 aedem.

205 1443 216 1462 1
233 1430 317 1464 d—esfl
331 1435 475 1473 denique
488 1434 557 1475 (sic)
571 1435 603 1463 A
618 1435 647 1465 h.
659 1446 682 1466 e.
699 1435 820 1465 deinde
832 1444 930 1473 era50‚
945 1438 1114 1464 correctum
1128 1434 1161 1463 in
1173 1434 1319 1472 denique
1335 1444 1342 1463 ι
1360 1433 1482 1463 deinde

158 1477 211 1508 B:
235 1479 382 1516 denique
399 1477 432 1506 P
517 1484 641 1508 euentu
668 1489 695 1509 c.
717 1478 753 1509 C.
772 1483 896 1508 euentu
920 1477 953 1506 A
981 1477 1064 1507 uude
1087 1477 1224 1507 conexi:
1253 1488 1284 1507 c.
1301 1477 1336 1506 C.
1357 1481 1481 1506 euentu

158 1520 191 1550 P
263 1521 524 1560 Nax-bonumque
543 1546 550 1552 .
569 1547 576 1553 .
594 1545 601 1553 .
617 1521 794 1551 Narbonus
807 1520 858 1551 P:
881 1521 938 1551 sed
951 1521 1128 1551 Norbanus
1142 1544 1148 1550 .
1165 1544 1171 1551 .
1186 1545 1192 1550 .
1208 1520 1400 1550 Norbanum
1416 1520 1479 1549 EA

158 1565 313 1595 consules
330 1564 362 1593 A
381 1577 388 1596 :
417 1565 514 1595 COS.
533 1564 584 1595 P:
619 1568 671 1595 ‘tu
698 1565 747 1595 sac
773 1563 910 1595 COSS.'
932 1564 1040 1593 Burei·
1189 1574 1208 1602 5
1231 1574 1270 1593 ac
1292 1563 1381 1594 AP:
1411 1564 1483 1592 acie

159 1608 347 1646 Burmann,
376 1608 464 1647 quod
486 1609 585 1637 nimis
609 1608 757 1648 languet:
802 1609 910 1638 adhuc
935 1607 1083 1638 Scriner:
1116 1608 1194 1636 dum
1219 1607 1333 1644 uincit,
1356 1630 1363 1636 .
1385 1632 1391 1637 .
1412 1632 1418 1637 .
1445 1617 1482 1636 ac

158 1651 341 1681 iustissimo
359 1651 467 1681 lenior
483 1652 619 1689 Kmuse,
646 1652 906 1690 excidilsortasse
932 1651 1021 1681 mitis
1036 1662 1042 1681 :
1075 1651 1348 1680 mansuetissimo
1368 1650 1483 1680 Corne-

159 1695 276 1726 lissen:
312 1694 493 1725 iustissimo
511 1694 627 1725 Novcik
645 1700 735 1724 Talus
756 1699 801 1724 est
815 1700 877 1734 pro
899 1698 1010 1723 neutro
1030 1695 1177 1734 positum
1193 1704 1266 1731 esse,
1286 1694 1317 1724 la.
1331 1704 1354 1724 e.
1382 1704 1482 1732 quam

157 1738 460 1777 i‘ztslesz'tzzztztzfitz't
589 1740 610 1768 6
633 1743 666 1769 et
694 1739 858 1769 Gelenius:
900 1744 935 1768 ut
960 1737 1030 1767 ΑΡ
1115 1738 1203 1768 COS
1231 1737 1288 1767 A:
1328 1737 1426 1767 COS.
1455 1735 1486 1765 P

158 1782 301 1820 pred.A
390 1781 761 1821 exarmat'‘rA)umque
794 1782 978 1812 Sertorium
1011 1780 1100 1811 AP:
1144 1791 1272 1812 exarm.
1307 1780 1482 1819 Quintum-

158 1835 223 1863 que
242 1825 274 1856 S.
297 1826 452 1856 Heinsius
478 1829 506 1855 el
521 1824 732 1856 Pen'zomkcs:
756 1836 882 1856 exarm.
901 1830 1001 1864 atque
1020 1825 1054 1855 S.
1078 1823 1157 1853 Voss
1312 1834 1327 1862 7
1353 1825 1437 1863 proh
1456 1823 1488 1852 P

158 1869 178 1898 8
202 1869 387 1899 incolumes
413 1868 483 1897 ΑΡ
590 1870 692 1899 credo
724 1869 795 1906 del„
828 1869 899 1898 dein
930 1874 1089 1908 suprascr.
1123 1869 1232 1898 Credo
1258 1867 1289 1896 A
1464 1878 1484 1905 9

157 1912 281 1942 &stiffi-is
302 1913 403 1942 animi
432 1912 464 1940 A
495 1912 563 1950 (sic)
700 1922 739 1943 10
763 1917 838 1951 post
864 1913 1033 1943 Gelenius:
1065 1912 1176 1951 posuit
1199 1911 1269 1940 ΑΡ
1344 1921 1410 1949 qua
1428 1911 1483 1940 de-

159 1956 298 1986 mendes
310 1955 428 1986 ABP:
449 1966 515 1994 qua
529 1957 741 1986 descendens
756 1956 903 1986 Gelenius
915 1955 1003 1994 qnod
1016 1954 1149 1995 Sauppe
1160 1959 1188 1985 et
1201 1955 1303 1985 Orelli
1313 1954 1485 1993 defendunt

159 1999 256 2038 qnasi
291 1999 458 2028 m'clom'am
489 2004 551 2039 pro
583 2000 703 2039 proelio
740 1999 875 2029 secundo
914 1999 1026 2029 dixerit
1062 1997 1096 2029 V.
1115 2010 1121 2029 :
1164 2000 1241 2037 quia
1274 1998 1484 2028 descendens

159 2042 344 2073 Ruhnken:
383 2053 525 2081 namque
548 2044 737 2073 ascendens
761 2043 888 2074 Halm:
911 2043 989 2082 soff.
1017 2042 1094 2081 quia
1120 2043 1161 2072 de
1187 2042 1325 2072 meridie
1351 2042 1412 2071 sub
1437 2042 1487 2070 uel

158 2097 224 2125 qua
253 2086 305 2116 die
335 2086 528 2124 ingrediens
689 2097 723 2116 11
750 2087 773 2116 ti
800 2086 867 2116 fata
893 2085 996 2116 ABP
1063 2086 1167 2124 gratis
1192 2086 1279 2116 BA:
1315 2090 1432 2123 gratus
1457 2084 1489 2113 P

162 2140 199 2159 12
217 2129 406 2159 numiniP:
432 2130 555 2159 nomini
567 2129 632 2159 ΒΑ
717 2131 821 2169 raegio
839 2130 871 2159 A
960 2129 1188 2159 salubritatem
1206 2130 1238 2159 A
1258 2141 1264 2160 z
1289 2129 1483 2159 salubritate

159 2174 192 2203 in
206 2173 254 2205 B:
281 2173 472 2203 salubritate
488 2172 521 2202 P
637 2184 674 2212 13
692 2173 865 2203 medendis
882 2172 914 2202 A
934 2184 940 2204 ;
965 2173 1208 2211 medendisque
1228 2172 1292 2202 BP
1356 2172 1485 2202 nobiles

158 2216 229 2246 ΑΡ
314 2217 444 2246 addixit
466 2216 633 2247 Gelenius:
665 2218 803 2247 adduxit
824 2216 928 2246 ABP
1059 2226 1095 2254 14
1121 2216 1313 2246 memoriam
1332 2216 1484 2255 Lipsius:

160 2261 320 2290 memoria
336 2260 439 2289 ABP
602 2270 639 2299 15
663 2261 784 2291 adfixae
803 2260 902 2299 positi
919 2259 951 2288 A
1033 2260 1144 2289 tabula
1168 2259 1257 2290 AP:
1281 2259 1415 2289 crabula
1433 2259 1484 2288 B:

159 2308 193 2334 et
217 2304 327 2334 tabula
355 2304 501 2333 Gelenius
587 2303 681 2334 Num
707 2304 819 2334 Huius
843 2314 873 2342 g.
902 2303 959 2333 rel.
989 2304 1184 2333 memoriam
1210 2309 1308 2333 uetus
1334 2303 1433 2332 inser.
1462 2307 1484 2332 t.

158 2358 187 2378 a.
220 2348 306 2386 posti
330 2348 497 2386 hodieque
521 2348 631 2378 tabula
649 2348 774 2388 (ablat.)
795 2352 937 2377 testatur
957 2357 1025 2377 aer.
1046 2348 1062 2378 i.
1083 2358 1134 2377 ae.
1251 2347 1336 2376 intra
1354 2346 1484 2376 aedem.

162 2391 293 2421 Deinde
313 2391 481 2421 Gelenius:
512 2391 645 2421 Interea
662 2391 785 2421 deinde
804 2391 853 2422 B:
882 2391 969 2420 inter
985 2391 1129 2420 edeinde
1146 2389 1217 2427 del„
1236 2390 1306 2420 dein
1322 2395 1481 2430 suprascr.

159 2435 256 2464 edem
274 2436 314 2465 de
332 2434 364 2464 A
382 2447 388 2465 :
414 2435 500 2465 intra
516 2435 633 2465 aedem
653 2436 731 2476 (om.
749 2434 886 2473 deinde)
906 2433 938 2463 P

797 2564 837 2594 43
