1799 2864
697 216 867 254 LIBER
899 216 916 253 I

145 344 293 370 annum
317 329 505 369 Aesernia
529 335 697 378 postque
721 332 849 368 †xxn
877 339 1002 365 annos
1029 327 1219 365 Aefulum
1251 335 1289 365 et
1318 327 1469 366 Alsium

148 398 179 434 F
181 407 423 446 regenaeque
445 394 585 438 †anno
610 399 700 442 post
726 390 931 430 biennium
960 390 1219 440 proximoque
1245 405 1351 429 anno
1378 393 1472 429 Tor-

147 469 267 511 quato
297 459 609 510 Sempronioque
641 458 869 498 consulibus
901 457 1157 496 Brundisium
1186 465 1224 495 et
1251 465 1340 506 post
1361 457 1473 495 trien-

148 526 256 564 nium
282 525 511 575 Spoletium,
538 538 618 574 quo
643 537 749 562 anno
782 522 993 562 Floralium
1024 523 1207 560 ludorum
1239 523 1386 559 factum
1416 530 1472 559 est

110 607 126 637 5
148 590 311 629 initium.
352 598 521 640 postque
541 589 745 628 biennium
766 590 885 626 ducta
904 586 1086 625 Valentia
1106 594 1144 625 et
1165 586 1238 625 sub
1258 587 1472 625 aduentum

148 655 186 692 in
209 655 362 693 Italiam
385 654 622 693 Hannibalis
644 655 842 693 Cremona
860 660 979 702 atque
1000 651 1209 690 Placentia.

203 719 360 758 Deinde
391 732 520 769 neque
554 720 650 757 dum
682 718 886 756 Hannibal
915 717 955 755 in
991 716 1104 755 Italia
1132 724 1315 763 moratur,
1347 729 1474 765 neque
1495 726 1536 762 15

149 783 334 834 proximis
354 792 443 834 post
459 797 661 822 excessum
683 783 766 822 eius
781 782 894 821 annis
910 781 1066 820 uacauit
1088 781 1280 820 Romanis
1301 780 1475 819 colonias

149 850 331 895 condere,
372 862 462 886 cum
501 856 603 886 esset
640 847 680 886 in
719 848 824 886 bello
862 846 1155 896 conquirendus
1193 845 1324 896 potius
1366 845 1476 883 miles

91 927 129 949 10
149 926 269 963 quam
300 913 558 951 dimittendus
589 920 627 951 et
658 920 747 962 post
778 912 926 950 bellum
958 911 1060 950 uires
1091 912 1330 949 refouendae
1356 910 1477 959 magis

150 992 270 1029 quam
301 979 552 1028 spargendae.
612 978 684 1017 Cn.
718 985 851 1015 autem
882 975 1035 1014 Manlio
1062 977 1238 1014 Volsone
1270 983 1308 1013 et
1338 975 1478 1012 Fuluio
1500 986 1513 1006 2

153 1042 356 1082 Nobiliore
376 1042 605 1081 consulibus
626 1041 808 1080 Bononia
828 1042 999 1080 deducta
1014 1040 1170 1079 colonia
1189 1039 1334 1078 abhinc
1354 1053 1478 1077 annos

153 1109 274 1147 ferme
297 1119 449 1154 CCXVII,
472 1115 510 1145 et
536 1115 625 1156 post
652 1106 954 1157 quadriennium
983 1105 1187 1144 Pisaurum
1213 1119 1259 1143 ac
1286 1104 1477 1143 Potentia.

153 1173 436 1222 interiectoque
466 1171 635 1210 triennio
664 1170 847 1221 Aquileia
877 1178 915 1209 et
945 1170 1143 1217 Grauisca,
1175 1177 1213 1208 et
1243 1176 1332 1219 post
1362 1170 1480 1218 quad-

95 1253 131 1283 ¹5
152 1237 346 1277 riennium
369 1239 486 1275 Luca.
546 1237 687 1275 eodem
711 1243 934 1285 temporum
955 1242 1090 1281 tractu,
1113 1247 1353 1284 quamquam
1374 1234 1479 1283 apud
1499 1247 1515 1276 3

153 1303 348 1353 quosdam
386 1300 606 1350 ambigitur,
642 1301 828 1338 Puteolos
867 1301 1150 1349 Salernumque
1184 1306 1222 1337 et
1257 1301 1478 1336 Buxentum

153 1367 261 1405 missi
292 1365 434 1412 coloni,
471 1365 685 1403 Auximum
715 1373 847 1403 autem
879 1364 918 1402 in
953 1363 1143 1402 Picenum
1177 1363 1322 1402 abhinc
1355 1375 1479 1400 annos

153 1434 274 1470 ferme
307 1436 558 1478 †CLXXXVH‚
591 1438 682 1469 ante
711 1429 922 1468 triennium
952 1443 1071 1480 quam
1101 1429 1260 1468 Cassius
1292 1441 1431 1466 censor
1459 1441 1479 1464 a

158 1497 363 1547 Lupercali
391 1496 431 1534 in
462 1495 655 1534 Palatium
685 1508 820 1533 uersus
849 1496 1044 1532 theatrum
1073 1495 1200 1532 facere
1220 1492 1396 1539 instituit,
1419 1492 1479 1529 cui

97 1577 136 1598 20
155 1563 195 1600 in
235 1561 490 1600 demoliendo
521 1559 663 1598 eximia
693 1558 861 1598 ciuitatis
893 1558 1080 1597 seueritas
1111 1565 1150 1596 et
1180 1558 1318 1596 consul
1350 1556 1481 1605 Scipio

152 1627 336 1673 restitere,
359 1626 468 1676 quod
489 1638 561 1675 ego
581 1625 681 1663 inter
701 1623 914 1662 clarissima
933 1623 1116 1672 publicae
1143 1621 1356 1661 uoluntatis
1375 1634 1482 1670 argu-

153 1699 286 1731 menta
323 1689 621 1729 numerauerim.
682 1688 820 1728 Cassio
864 1696 997 1726 autem
1044 1687 1225 1737 Longino
1273 1694 1311 1725 et
1350 1686 1481 1724 Sextio
1500 1698 1518 1723 4

155 1756 334 1802 Caluino,
357 1754 425 1805 qui
446 1756 595 1793 Sallues
615 1755 722 1804 apud
741 1767 875 1804 aquaS‚
898 1766 1000 1803 quae
1019 1753 1069 1791 ab
1096 1766 1144 1791 eo
1171 1751 1324 1791 Sextiae
1353 1752 1482 1800 appel—

154 1824 292 1868 lantur,
328 1819 486 1866 deuicit,
523 1819 751 1858 consulibus
784 1818 1008 1857 Fabrateria
1039 1819 1210 1856 deducta
1243 1824 1300 1855 est
1337 1815 1482 1854 abhinc

202 1935 215 1955 1
243 1934 316 1954 xxn
340 1923 428 1954 AP:
467 1932 540 1953 xvn
566 1922 678 1953 Aldus
885 1921 1044 1953 Aefulum
1068 1921 1102 1951 A
1135 1923 1164 1950 et
1192 1921 1238 1950 sic
1264 1919 1420 1950 Huebner
1449 1920 1482 1948 in

778 1964 886 1990 Alsium

155 2000 329 2032 Hermaei.
343 2000 407 2037 426
421 2010 428 2029 :
452 1999 616 2029 Aesulum
628 1999 661 2029 P
745 1998 875 2029 alisiam
891 1999 924 2029 A
941 1998 1011 2034 (sic)
1103 2008 1122 2027 2
1146 1996 1392 2036 Fregellaeque
1403 1995 1478 2026 AF.

155 2055 215 2075 em.
229 2043 389 2083 Sigonius
456 2053 545 2073 anno
557 2047 633 2082 post
644 2042 816 2072 biennium
830 2042 918 2072 AF:
942 2051 1032 2072 anno
1050 2052 1114 2072 om.
1131 2040 1279 2071 Gelenius
1293 2050 1299 2069 :
1322 2039 1379 2069 sed
1392 2039 1482 2069 bien-

157 2086 398 2125 niumsortasse
414 2085 585 2116 delendum
601 2089 669 2115 erat
782 2097 801 2125 4
825 2085 948 2115 factum
965 2095 1003 2115 ex
1017 2085 1125 2115 factus
1140 2084 1173 2114 A
1295 2093 1314 2121 5
1339 2083 1481 2112 deducta

158 2131 307 2161 Gelenius
428 2140 444 2168 7
472 2129 568 2159 Italia
584 2130 617 2159 A
733 2129 754 2159 8
776 2129 880 2159 &nmis
895 2128 992 2159 annis
1009 2129 1040 2158 A
1132 2127 1268 2157 uocauit
1284 2127 1330 2165 A,
1352 2129 1387 2156 ut
1404 2125 1487 2154 mihi

157 2175 268 2204 uisum
285 2176 330 2203 est
450 2182 483 2202 11
506 2172 654 2203 Gelenius
668 2175 743 2202 ante
760 2172 877 2203 Fuluio
894 2171 968 2203 add.
987 2171 1032 2202 M.
1050 2171 1148 2201 deleto
1164 2175 1198 2200 et
1317 2179 1354 2207 14
1378 2168 1482 2206 Aqui-

587 2216 612 2241 A
634 2215 671 2240 lia

157 2250 222 2281 leia
238 2249 270 2279 Β
284 2261 291 2279 :
315 2249 453 2288 Aquilia
469 2249 519 2279 P:
543 2224 701 2288 Aquqileia
716 2249 750 2279 A
841 2248 1000 2279 Granista
1014 2248 1046 2277 A
1163 2256 1200 2285 15
1224 2255 1415 2285 quanquam
1432 2244 1482 2274 P:

157 2303 255 2333 quam
272 2294 304 2323 A
410 2297 491 2332 aput
509 2293 605 2333 pn'us
620 2293 652 2322 A
768 2293 808 2322 16
832 2292 1078 2330 Falernumque
1093 2290 1164 2320 ΑΡ
1181 2300 1257 2320 corr.
1285 2288 1432 2319 Gelenius
1448 2298 1486 2316 ex

157 2337 232 2368 Liu.
250 2346 301 2375 34.
320 2345 371 2375 45.
393 2346 407 2365 1
521 2346 556 2374 17
581 2337 615 2366 in
633 2336 760 2366 Piceno
777 2335 880 2365 Bothe
1002 2335 1040 2365 18
1056 2343 1219 2364 eLxxxvn
1235 2332 1324 2362 AP:
1347 2341 1483 2361 eLxxxv

158 2380 338 2410 Burmann
396 2380 552 2409 censoria
563 2379 608 2418 A,
622 2379 680 2409 sed
692 2379 701 2409 i
716 2379 854 2418 nigriore
866 2382 1060 2415 atramento,
1074 2377 1212 2417 utprz'us
1223 2385 1346 2406 censor
1358 2385 1376 2404 a
1381 2374 1483 2414 fuem't

158 2433 201 2454 20
224 2423 258 2452 in
282 2433 323 2453 eo
348 2423 518 2453 moliendo
539 2422 730 2453 Salmasius
751 2425 779 2452 et
799 2422 926 2462 Riguez
1057 2420 1163 2459 Cepio
1186 2418 1262 2458 AF,
1289 2429 1349 2449 em.
1373 2417 1483 2448 Aldus

159 2477 200 2497 22
224 2466 332 2497 Sexto
354 2465 490 2496 Vrsinus
620 2476 661 2505 23
687 2465 819 2496 Sallues
834 2465 925 2496 AB:
950 2464 1082 2503 Sallyes
1099 2463 1132 2494 Ρ

802 2559 838 2591 ¹5
