1799 2864
636 235 839 272 VELLEI
872 232 1189 271 PATERCVLI

214 362 230 392 3
251 346 430 386 inditum.
500 353 542 384 ut
575 347 694 396 paulo
726 353 817 384 ante
853 344 1051 383 Domitiae
1085 343 1264 390 familiae,
1297 343 1351 381 ita
1381 342 1575 382 Caeciliae

251 412 426 451 notanda
445 410 636 449 claritudo
657 417 725 449 est.
784 409 930 459 quippe
956 408 1056 446 intra
1075 421 1135 446 xu
1161 410 1282 446 ferme
1305 421 1430 446 annos
1459 407 1575 445 huius

250 475 437 526 temporis
475 476 657 513 consules
695 475 802 512 fuere
833 473 984 511 Metelli
1022 481 1088 511 aut
1126 486 1308 511 censores
1345 480 1412 510 aut
1445 471 1576 509 trium-

250 542 419 590 pharunt
452 539 620 589 amplius
649 537 903 584 duodeciens,
935 545 976 575 ut
1007 545 1201 586 appareat,
1237 537 1575 586 quemadmodum

249 604 405 643 urbium
427 603 770 653 imperiorumque,
793 601 846 639 ita
870 600 1046 651 gentium
1071 614 1176 639 nunc
1205 602 1342 639 florere
1365 602 1573 646 fortunam,
1597 613 1612 642 5

251 682 356 708 nunc
376 681 590 714 senescere,
613 680 719 705 nunc
738 666 903 704 interire.

187 746 231 773 12
303 737 356 772 At
377 735 420 773 C.
446 732 595 770 Marius
616 734 659 769 L.
682 732 830 770 Sullam
850 730 927 768 iam
952 738 1046 768 tunc
1073 738 1113 768 ut
1140 729 1465 779 praecauentibus
1488 729 1575 767 fatis

249 799 477 848 copulatum
501 797 575 835 sibi
604 804 852 846 quaestorem
881 794 1019 833 habuit
1048 802 1085 832 et
1114 807 1183 844 per
1211 807 1302 832 eum
1331 793 1495 832 missum
1523 795 1574 832 ad

247 875 377 912 regem
400 863 604 900 Bocchum
626 861 815 910 Iugurtha
834 873 923 909 rege
942 858 1088 897 abhinc
1103 871 1228 896 annos
1244 859 1365 896 ferme
1381 870 1572 896 cxxxvul

246 927 393 977 potitus
414 935 496 974 est,-
525 925 830 975 designatusque
849 924 989 962 iterum
1010 924 1148 962 consul
1172 922 1212 960 in
1236 923 1374 961 urbem
1397 936 1574 961 reuersus
1598 935 1635 956 10

246 991 410 1030 secundi
439 992 666 1029 consulatus
695 989 807 1028 initio
838 990 925 1027 Kal.
959 987 1150 1027 Ianuariis
1180 1001 1271 1026 eum
1305 987 1345 1025 in
1374 987 1574 1037 triumpho

210 1077 225 1098 2
246 1056 366 1095 duxit.
439 1057 571 1103 effusa,
607 1063 649 1093 ut
682 1054 956 1104 praediximus,
992 1052 1160 1090 inmanis
1194 1052 1254 1090 uis
1289 1053 1572 1090 Germanarum

245 1120 432 1170 gentium,
472 1120 616 1170 quibus
654 1133 801 1158 nomen
836 1118 1007 1158 Cimbris
1045 1131 1090 1156 ac
1124 1117 1316 1156 Teutonis
1355 1126 1446 1165 erat,
1482 1131 1572 1156 cum

246 1185 490 1235 Caepionem
522 1184 798 1233 Manliumque
827 1183 1009 1221 consules
1039 1190 1076 1220 et
1105 1189 1196 1220 ante
1226 1182 1451 1220 Carbonem
1481 1182 1574 1220 Sila-

246 1263 421 1299 numque
462 1248 656 1287 fudissent
699 1249 978 1297 fugassentque
1024 1246 1064 1284 in
1110 1245 1246 1284 Galliis
1294 1254 1332 1284 et
1376 1246 1571 1285 exuissent
1596 1260 1631 1291 15

244 1314 425 1361 exercitu,
457 1315 727 1363 Scaurumque
758 1311 962 1350 Aurelium
993 1312 1240 1349 consularem
1274 1318 1312 1349 et
1345 1311 1442 1349 alios
1476 1313 1572 1350 cele-

244 1378 401 1417 berrimi
430 1378 600 1417 nominis
630 1377 734 1416 uiros
763 1376 1034 1422 trucidassent,
1058 1376 1228 1425 populus
1256 1377 1461 1414 Romanus
1491 1389 1571 1414 non

243 1443 362 1481 alium
397 1442 631 1493 repellendis
665 1442 782 1480 tantis
813 1441 993 1480 hostibus
1027 1440 1149 1490 magis
1182 1440 1372 1478 idoneum
1410 1439 1572 1490 impera-

243 1516 367 1546 torem
389 1521 507 1558 quam
530 1507 701 1546 Marium
722 1514 780 1545 est
799 1514 914 1544 ratus.
973 1514 1057 1544 tum
1078 1504 1325 1554 multiplicati
1344 1506 1570 1543 consulatus

204 1593 221 1623 3
242 1573 335 1612 eius.
394 1573 529 1611 tertius
550 1573 589 1610 in
616 1579 804 1622 apparatu
830 1571 923 1610 belli
949 1577 1233 1619 consumptus,
1262 1581 1341 1618 quo
1367 1583 1473 1608 anno
1495 1570 1566 1609 Cn.
1591 1583 1632 1604 -ὀ

244 1638 442 1677 Domitius
463 1638 642 1676 tribunus
662 1639 711 1687 pl.
735 1638 861 1686 legem
888 1636 986 1683 tulit,
1008 1643 1050 1674 ut
1075 1635 1308 1681 sacerdotes,
1331 1647 1431 1684 quos
1454 1642 1570 1673 antea

203 1724 220 1749 4
241 1705 414 1753 collegae
443 1702 700 1748 sufficiebant,
735 1702 905 1751 populus
939 1707 1094 1738 crearet.
1154 1707 1293 1749 quarto
1322 1706 1427 1737 trans
1456 1699 1568 1748 Alpis

241 1767 343 1806 circa
381 1770 516 1817 Aquas
555 1766 702 1805 Sextias
737 1779 827 1804 cum
861 1764 1053 1803 Teutonis
1092 1763 1277 1810 conflixit,
1312 1763 1480 1812 amplius
1518 1775 1568 1801 CL

242 1833 350 1870 milia
371 1832 543 1870 hostium
564 1831 692 1881 priore
711 1844 756 1868 ac
776 1838 934 1880 postero
958 1829 1022 1868 die
1045 1829 1096 1867 ab
1120 1842 1168 1866 eo
1188 1828 1369 1866 trucidati
1393 1841 1567 1878 gensque

202 1912 219 1942 5
240 1897 368 1935 excisa
401 1898 639 1934 Teutonum.
709 1895 848 1945 quinto
881 1894 976 1933 citra
1009 1893 1120 1943 Alpis
1154 1893 1194 1931 in
1227 1892 1388 1942 campis,
1424 1892 1567 1942 quibus
1589 1905 1626 1938 ²5

240 1975 386 1999 nomen
407 1969 487 1999 erat
518 1960 695 2007 Raudiis,
717 1960 801 2010 ipse
830 1960 968 1998 consul
998 1967 1035 1997 et
1064 1959 1275 2008 proconsul
1306 1958 1354 2006 Q.
1388 1957 1566 1995 Lutatius

240 2027 404 2066 Catulus
424 2025 732 2064 fortunatissimo
753 2026 1003 2063 decertauere
1023 2022 1172 2073 proelio
1187 2037 1197 2070 ,·
1226 2035 1339 2060 caesa
1362 2030 1429 2060 aut
1453 2029 1566 2072 capta

287 2141 300 2161 1
327 2130 475 2161 Ceciliae
491 2129 561 2159 ΑΡ
682 2139 702 2167 4
725 2129 908 2159 duodecies
925 2128 1104 2158 Burmann
1120 2138 1126 2156 :
1150 2136 1211 2157 xu.
1231 2126 1264 2155 A
1282 2137 1289 2156 :
1311 2121 1373 2156 Hi.
1390 2126 1424 2156 P
1545 2136 1566 2164 9

239 2183 384 2204 cxxxnn
398 2173 510 2203 Aldus
629 2182 669 2202 10
690 2176 825 2212 ,estposl
841 2181 999 2202 reuersus
1014 2170 1048 2200 A
1167 2180 1205 2200 12
1223 2169 1471 2200 Germanorum
1485 2168 1563 2206 ΑΡ,

238 2228 300 2248 em.
317 2216 481 2247 Ruhnken
583 2225 621 2254 14
639 2216 858 2254 Silanumque
874 2215 907 2244 A
925 2226 932 2245 :
957 2214 1199 2254 Syllanumque
1217 2213 1250 2243 P
1349 2223 1387 2252 15
1405 2213 1511 2244 Gallis
1527 2213 1561 2242 A

239 2272 281 2291 ex
306 2261 468 2291 emissent
492 2265 651 2299 suprascr.
675 2260 853 2289 exuissent
875 2259 909 2288 A
1047 2259 1086 2288 16
1109 2258 1279 2287 exercitus
1304 2266 1508 2296 caut-umque
1528 2256 1561 2285 A

239 2304 451 2334 consularem
468 2303 601 2333 Aldus:
626 2303 724 2333 COS.
742 2301 813 2332 ΑΡ
945 2301 983 2331 18
1007 2301 1191 2340 repellendi
1216 2301 1337 2331 stantis
1353 2300 1386 2330 A
1524 2309 1564 2338 19

238 2348 346 2378 masin
370 2347 509 2377 marium
527 2346 559 2375 A
588 2347 656 2387 (sic)
790 2356 832 2376 20
852 2349 907 2378 fiet
926 2348 1002 2385 post
1022 2349 1241 2383 consumptus
1265 2344 1298 2373 A
1420 2353 1461 2372 22
1485 2353 1562 2373 con-

239 2402 334 2440 legae
349 2401 421 2431 AP
508 2411 549 2431 22
565 2404 594 2431 et
609 2410 649 2440 25
673 2400 769 2439 Alpis
784 2400 817 2429 A
835 2411 842 2430 ε
866 2399 987 2438 Alpeis
1002 2399 1035 2429 P
1130 2409 1170 2438 23
1182 2393 1226 2429 Ξῖ.
1241 2398 1312 2429 ΑΡ
1397 2408 1438 2435 24
1463 2397 1562 2427 truci>

239 2445 307 2475 dati
324 2445 421 2475 Kritz
435 2455 441 2474 :
466 2444 642 2475 trucidatis
657 2443 747 2473 AP:
771 2443 937 2474 trucidata
953 2442 1116 2473 Ruhnken
1227 2443 1270 2472 26
1293 2446 1366 2472 erat
1382 2441 1493 2471 raudis
1510 2446 1561 2470 est

237 2499 270 2528 A
289 2499 390 2538 :for-t.
407 2499 548 2530 Raudiis
566 2504 617 2529 est
693 2499 782 2530 COS
800 2503 833 2529 et
850 2491 1041 2538 proc-osque
1059 2496 1092 2526 A
1183 2496 1241 2527 sed
1254 2496 1294 2535 Q.
1313 2499 1360 2526 est
1375 2496 1408 2525 in
1424 2495 1458 2525 P

877 2569 918 2600 30
