1799 2864
655 213 859 250 VELLEI
892 213 1209 252 PATERCVLI

269 324 414 362 bellum
453 323 737 362 Antiochinum
776 325 900 362 Vulso
941 324 1113 362 Manlius
1152 323 1470 373 Gallograeciam.
1531 323 1591 361 Bi-

267 389 410 438 thynia,
434 397 475 427 ut
501 389 774 439 praediximus,
797 397 1032 427 testamento
1064 389 1293 428 Nicomedis
1324 388 1456 426 relicta
1487 389 1592 426 here—

267 453 413 492 ditaria.
475 454 601 492 Diuus
622 456 822 503 Augustus
848 461 999 502 praeter
1027 453 1240 503 Hispanias
1259 453 1432 503 aliasque
1452 453 1589 502 gentis,

267 532 431 568 quarum
470 518 590 556 titulis
628 520 755 556 forum
795 517 877 556 eius
924 517 1125 567 praenitet,
1166 531 1290 567 paene
1337 517 1443 556 idem
1490 518 1592 555 facta

266 585 446 632 Aegypto
468 582 728 632 stipendiaria,
747 590 938 632 quantum
959 590 1067 631 pater
1083 582 1165 620 eius
1182 582 1328 629 Galliis,
1346 582 1384 620 in
1401 581 1590 620 aerarium
1617 597 1632 626 5

230 658 247 687 3
267 648 412 686 reditus
446 647 621 686 contulit.
679 654 718 685 at
751 646 810 684 Ti.
844 647 988 686 Caesar
1016 660 1134 696 quam
1165 655 1308 684 certam
1341 646 1530 696 Hispanis
1560 647 1592 683 is

266 713 428 762 parendi
449 712 737 751 confessionem
759 719 979 758 extorserat,
1001 725 1134 761 parem
1156 711 1294 761 Illyriis
1320 711 1590 761 Delmatisque

265 777 433 816 extorsit.
494 777 673 815 Raetiam
698 785 829 815 autem
857 784 894 815 et
914 776 1143 815 Vindelicos
1169 790 1215 814 ac
1243 776 1408 815 Noricos
1439 779 1591 814 Panno-

265 842 450 892 niamque
488 850 526 880 et
570 841 797 880 Scordiscos
836 855 959 879 nouas
1007 840 1170 890 imperio
1215 849 1348 879 nostro
1392 841 1590 879 subiunxit

264 907 495 957 prouincias.
555 914 598 944 ut
644 908 714 944 has
760 906 887 953 armis,
928 906 980 944 ita
1021 906 1250 944 auctoritate
1294 906 1586 955 Cappadociam
1610 919 1648 940 10

265 973 412 1021 populo
453 973 637 1010 Romano
675 970 766 1010 fecit
800 970 1102 1020 stipendiariam,
1162 972 1231 1009 sed
1264 979 1502 1009 reuertamur
1538 971 1589 1009 ad

265 1036 454 1074 ordinem.

189 1106 245 1149 40
320 1102 462 1139 Secuta
508 1100 653 1139 deinde
701 1101 772 1139 Cn.
815 1099 979 1149 Pompei
1023 1099 1170 1146 militia,
1210 1099 1353 1149 gloriae
1396 1099 1591 1138 laborisne

267 1165 422 1204 maioris
469 1165 661 1203 incertum
709 1172 776 1203 est.
849 1172 1073 1214 penetratae
1111 1178 1201 1203 curn
1240 1164 1403 1202 uictoria
1442 1164 1588 1211 Media,

264 1230 420 1276 Albani,
444 1233 465 1269 †
481 1229 622 1267 Hiberi
637 1244 647 1277 3
674 1243 720 1268 ac
741 1229 886 1268 deinde
913 1231 1054 1267 flexum
1081 1242 1222 1279 agmen
1242 1230 1293 1267 ad
1313 1243 1378 1267 eas
1399 1229 1588 1277 nationes,
1614 1241 1649 1272 15

263 1308 365 1344 quae
392 1296 526 1333 dextra
555 1302 673 1344 atque
704 1294 842 1332 intima
873 1294 989 1333 Ponti
1018 1294 1206 1341 incolunt,
1236 1296 1409 1334 Colchos
1442 1295 1591 1333 Henio-

264 1361 440 1409 chosque
461 1367 499 1397 et
519 1360 713 1406 Achaeos,
736 1367 773 1397 et
795 1372 1004 1409 oppressus
1030 1359 1213 1408 auspiciis
1241 1359 1416 1409 Pompei,
1439 1359 1589 1398 insidiis

263 1424 316 1462 fili
338 1424 548 1462 Pharnacis
578 1424 838 1471 Mithridates,
861 1424 1020 1462 ultimus
1047 1424 1225 1462 omnium
1252 1424 1343 1463 iuris
1370 1425 1429 1463 sui
1456 1438 1589 1474 regum

227 1498 241 1519 ²
262 1497 412 1539 praeter
433 1489 645 1528 Parthicos.
690 1497 774 1527 tum
791 1489 915 1528 uictor
931 1489 1109 1528 omnium
1130 1503 1227 1539 quas
1247 1489 1393 1528 adierat
1413 1491 1588 1540 gentium

262 1554 474 1604 Pompeius
514 1568 664 1604 suoque
703 1562 741 1593 et
779 1555 925 1593 ciuium
964 1562 1059 1593 uoto
1098 1555 1221 1593 maior
1262 1563 1299 1593 et
1344 1569 1412 1604 per
1456 1556 1588 1594 omnia
1611 1566 1649 1586 20

261 1620 457 1657 fortunam
495 1619 668 1657 hominis
713 1633 889 1669 egressus
927 1619 1130 1657 reuertitur
1174 1619 1213 1657 in
1254 1620 1417 1658 Italiam.
1477 1621 1588 1659 cuius

262 1684 429 1722 reditum
463 1684 718 1722 fauorabilem
753 1684 887 1733 opinio
921 1685 1088 1731 fecerat3
1127 1684 1273 1734 quippe
1303 1685 1478 1734 plerique
1508 1699 1586 1724 non

261 1748 345 1787 sine
379 1749 548 1787 exercitu
580 1757 790 1786 uenturum
821 1748 861 1786 in
895 1749 1032 1786 urbem
1066 1750 1315 1787 adfirmarant
1350 1757 1387 1788 et
1421 1749 1588 1788 libertati

224 1822 241 1851 3
260 1813 441 1863 publicae
468 1821 702 1851 statuturum
728 1812 886 1851 arbitrio
914 1826 985 1851 suo
1015 1814 1189 1851 modum.
1249 1826 1329 1863 quo
1359 1814 1481 1863 magis
1510 1816 1586 1853 hoc

259 1878 441 1917 homines
486 1878 705 1925 timuerant,
746 1891 794 1916 eo
840 1878 982 1928 gratior
1028 1878 1153 1916 ciuilis
1200 1878 1296 1916 tanti
1344 1879 1586 1929 imperatoris
1610 1891 1645 1921 ²5

307 1993 320 2013 1
349 1982 543 2021 Bythiniam
560 1981 592 2011 A
727 1991 746 2020 3
770 1981 882 2021 gentis
905 1984 1073 2011 mutatum
1095 1982 1129 2012 in
1152 1986 1273 2020 gentes
1290 1982 1322 2011 A
1457 1993 1476 2022 5
1502 1983 1588 2014 Galli

260 2026 383 2056 ABP:
407 2026 521 2056 Galliis
539 2025 670 2055 Halm:
695 2025 802 2056 Gallia
822 2025 969 2056 Gelenius
1099 2026 1120 2055 6
1144 2026 1293 2056 redditus
1307 2025 1373 2056 BA
1456 2032 1489 2058 at
1500 2027 1587 2059 AP:

259 2070 301 2100 ad
321 2070 351 2099 Β
440 2069 488 2100 Ti.
514 2068 673 2099 Vrsinus:
696 2069 733 2099 T.
753 2068 857 2098 ABP
993 2069 1021 2098 is
1038 2068 1151 2099 addidi
1281 2080 1298 2108 7
1324 2080 1440 2108 parem
1457 2070 1578 2102 ABP:

260 2124 385 2152 parens
419 2111 556 2142 Vrsinus
580 2116 608 2142 et
630 2112 763 2152 Lipsius
774 2123 787 2150 ;
817 2111 876 2142 sed
889 2115 965 2152 post
984 2122 1084 2151 quarn
1108 2117 1233 2143 certam
1261 2114 1435 2152 requiritur
1447 2113 1483 2144 id
1503 2114 1593 2153 quod

260 2157 377 2186 liabent
392 2160 454 2186 tres
470 2159 559 2185 testes
574 2155 678 2185 ABP
691 2166 807 2194 parem
918 2157 938 2185 8
962 2156 1104 2186 extorsit
1128 2156 1193 2185 ΒΑ
1210 2167 1216 2186 :
1249 2167 1313 2187 om.
1338 2156 1372 2186 P
1432 2157 1587 2188 Raetiam

261 2200 293 2229 A
312 2211 318 2229 :
346 2200 503 2230 Rhetiam
520 2198 553 2228 P
660 2199 824 2229 Vindicos
841 2199 913 2236 del„
933 2199 1005 2229 dein
1021 2204 1179 2239 suprascr.
1198 2199 1393 2231 Vindelicos
1410 2200 1443 2229 A
1547 2212 1586 2232 ac

263 2243 407 2273 Noricos
424 2242 475 2273 P:
500 2247 534 2273 et
551 2242 631 2272 Nor.
649 2242 681 2272 A
773 2253 794 2282 9
818 2247 851 2272 et
878 2243 1058 2274 Cordiscos
1086 2242 1175 2273 AP:
1211 2243 1411 2274 Scordiscos
1442 2244 1589 2275 Gclenius

265 2297 303 2317 10
327 2287 454 2326 Capad.
486 2286 517 2315 A
655 2295 692 2324 15
716 2286 870 2322 Albania,
903 2286 1044 2317 Hiberia
1069 2286 1428 2326 Btcmzannzsoffasse
1452 2288 1584 2321 Albani.

263 2331 415 2361 Hiberia.
467 2329 565 2360 Valde
579 2329 687 2359 dubito
710 2341 792 2360 num
809 2330 1021 2360 Albanorum
1045 2330 1128 2370 regio
1144 2330 1291 2360 Albania
1312 2331 1566 2370 uocandafuen't
1580 2343 1587 2361 :

262 2374 382 2404 Hideri
401 2373 433 2402 A
558 2374 597 2402 16
619 2373 729 2412 adque
746 2373 778 2402 A
873 2373 1012 2404 Enioch.
1030 2373 1063 2403 A
1180 2383 1216 2412 17
1240 2374 1376 2405 Acheos
1399 2373 1432 2403 A
1549 2375 1588 2405 18

263 2418 306 2447 fili
325 2417 396 2447 ΑΡ
483 2416 668 2447 Pharnacis
684 2417 717 2446 A
734 2428 739 2448 :
771 2417 962 2447 Pharnaces
979 2416 1012 2447 P
1140 2426 1177 2446 21
1205 2417 1355 2448 reuertit’
1375 2418 1584 2459 (reuertitur)

261 2461 293 2491 A
310 2472 316 2492 ε
343 2460 480 2491 reuertit
498 2459 530 2490 P
659 2470 699 2500 23
724 2461 947 2491 adfirmabant
964 2459 1042 2499 ΑΡ,
1058 2471 1120 2492 em.
1138 2460 1326 2492 Mommsen

904 2529 943 2570 58
