1799 2864
658 204 863 242 VELLEI
894 205 1212 244 PATERCVLI

271 311 310 349 in
345 325 441 361 pace
469 312 581 351 uides
610 313 836 364 principem.
896 314 1036 354 iunctis
1066 315 1307 363 exercitibus,
1344 316 1489 366 quique
1523 318 1596 355 sub

272 378 438 416 Caesare
462 380 613 417 fuerant
643 379 788 429 quique
817 381 867 418 ad
897 394 987 418 eum
1017 389 1216 428 uenerant,
1240 381 1527 431 contractisque
1556 382 1595 420 in

270 456 349 480 una
378 449 501 481 castra
530 445 668 482 decem
699 444 929 494 legionibus,
953 457 1036 483 Lxx
1065 445 1232 495 amplius
1263 446 1501 493 cohortibus,
1524 458 1596 483 xiv

272 522 290 542 *
316 522 334 543 *
357 515 395 546 et
425 509 600 558 pluribus
630 523 747 559 quam
778 511 916 548 decem
946 517 1219 549 ueteranorum
1250 511 1418 558 milibus,
1440 513 1490 549 ad
1520 512 1596 549 hoc

270 587 413 623 magno
447 574 756 613 uoluntariorum
795 589 960 614 numero
998 576 1271 626 frequentique
1309 576 1440 626 equite
1478 575 1594 626 regio,

269 646 378 677 tanto
412 639 583 689 denique
613 639 793 686 exercitu,
826 648 995 689 quantus
1027 642 1135 679 nullo
1169 655 1356 690 umquam
1389 643 1477 679 loco
1508 649 1596 690 post

270 704 371 742 bella
401 706 524 743 fuerat
555 705 694 751 ciuilia,
717 718 855 743 omnes
882 718 930 743 eo
957 705 1042 755 ipso
1069 706 1159 744 laeti
1179 714 1287 744 erant
1307 706 1596 755 maximamque

234 780 247 800 2
268 769 453 808 fiduciam
492 769 677 808 uictoriae
712 769 750 807 in
789 783 954 808 numero
992 771 1245 819 reponebant.
1304 779 1343 809 at
1374 770 1594 820 imperator,

268 834 439 884 optimus
469 849 603 873 eorum
634 848 734 884 quae
765 835 905 884 agebat
934 835 1051 874 iudex
1080 841 1118 874 et
1147 836 1256 874 utilia
1285 836 1470 886 speciosis
1491 849 1596 885 prae-

266 901 393 937 ferens
428 901 616 949 quodque
654 913 808 949 semper
846 913 935 938 eum
970 900 1179 938 facientem
1213 900 1295 939 uidi
1333 900 1372 938 in
1411 900 1596 938 omnibus

268 965 390 1012 bellis,
413 979 513 1015 quae
534 966 739 1015 probanda
768 973 908 1012 essent,
936 979 1016 1003 non
1047 979 1147 1015 quae
1176 965 1311 1015 utique
1341 966 1597 1015 probarentur

267 1043 446 1079 sequens,
465 1030 598 1080 paucis
619 1030 759 1068 diebus
780 1029 1002 1077 exercitum,
1021 1030 1088 1080 qui
1103 1039 1274 1078 uenerat,
1292 1032 1343 1069 ad
1363 1031 1596 1068 refouendas

267 1110 313 1133 ex
334 1095 469 1134 itinere
494 1096 576 1134 eius
606 1096 707 1134 uires
737 1103 920 1143 moratuS,
944 1110 1034 1134 cum
1065 1110 1155 1134 eum
1185 1096 1384 1143 maiorem,
1407 1109 1525 1145 quam
1555 1104 1597 1133 ut

268 1161 473 1211 temperari
521 1169 664 1211 posset,
706 1174 834 1210 neque
877 1161 1049 1199 habilem
1097 1162 1363 1210 gubernaculo
1411 1167 1595 1206 cerneret,

232 1239 249 1268 3
268 1226 463 1265 dimittere
484 1226 616 1264 statuit
632 1241 641 1274 3
670 1234 980 1276 prosecutusque
999 1228 1118 1276 longo
1139 1234 1176 1264 et
1196 1240 1384 1276 perquam
1401 1226 1596 1264 laborioso

268 1292 414 1339 itinere,
456 1292 565 1330 cuius
600 1292 806 1331 difficultas
838 1292 981 1330 narrari
1014 1292 1079 1330 uix
1110 1300 1249 1342 potest,
1285 1300 1327 1330 ut
1358 1305 1486 1341 neque
1515 1291 1597 1329 uni—

268 1371 401 1396 uersos
432 1357 639 1407 quisquam
669 1359 829 1395 auderet
859 1357 1019 1407 adgredi
1048 1365 1086 1395 et
1112 1365 1261 1407 partem
1283 1357 1595 1407 digredientium,

267 1437 426 1461 suorum
448 1423 614 1473 quisque
635 1431 741 1462 metu
763 1423 912 1470 finium,
928 1423 1100 1462 uniuersi
1116 1430 1306 1473 temptare
1322 1437 1403 1461 non
1424 1431 1595 1472 possent,

267 1488 413 1526 remisit
433 1502 492 1535 eo,
514 1490 621 1527 unde
651 1496 850 1535 uenerant,
874 1497 911 1527 et
941 1488 1023 1538 ipse
1052 1488 1287 1538 asperrimae
1316 1488 1456 1527 hiemis
1486 1488 1596 1527 initio

266 1567 460 1603 regressus
492 1553 654 1591 Sisciam
690 1555 848 1603 legatos,
882 1553 981 1592 inter
1015 1567 1113 1603 quos
1149 1553 1221 1604 ipsi
1255 1554 1411 1601 fuimus,
1448 1554 1595 1604 partitis

266 1618 451 1668 praefecit
471 1618 654 1657 hibernis.

186 1693 249 1730 114
322 1685 358 1723 O
379 1698 459 1723 rem
481 1684 588 1723 dictu
616 1699 696 1723 non
726 1684 977 1731 eminentem,
1001 1686 1070 1723 sed
1100 1684 1225 1723 solida
1254 1699 1425 1735 ueraque
1454 1685 1597 1724 uirtute

266 1757 384 1799 atque
414 1749 578 1788 utilitate
608 1749 829 1797 maximam,
852 1750 1088 1799 experientia
1114 1750 1397 1797 suauissimam‚
1421 1751 1597 1789 humani-

266 1822 345 1852 tate
374 1814 631 1864 singularem!
672 1828 740 1864 per
771 1828 889 1853 omne
920 1815 1010 1853 belli
1043 1815 1266 1853 Germanici
1299 1816 1596 1866 Pannonicique

266 1888 420 1929 tempus
442 1893 560 1917 nemo
581 1893 602 1918 e
623 1879 737 1918 nobis
757 1881 973 1929 gradumue
994 1888 1171 1918 nostrum
1187 1889 1253 1918 aut
1270 1882 1596 1930 praecedentibus

266 1953 332 1983 aut
364 1944 618 1994 sequentibus
648 1944 854 1983 inbecillus
881 1945 963 1992 fuit,
987 1945 1097 1984 cuius
1118 1947 1220 1984 salus
1241 1960 1286 1984 ac
1307 1948 1494 1986 ualetudo
1515 1962 1595 1986 non

267 2012 320 2050 ita
340 2019 620 2050 sustentaretur
649 2011 826 2050 Caesaris
857 2025 958 2059 cura,
982 2020 1182 2062 tamquam
1204 2012 1510 2051 districtissimus
1532 2012 1595 2051 ille

266 2085 463 2115 tantorum
498 2089 661 2114 onerum
692 2078 796 2114 mole
828 2076 919 2115 huic
949 2077 1017 2115 uni
1051 2077 1209 2127 negotio
1239 2085 1394 2116 uacaret
1427 2077 1592 2116 animus.

314 2190 326 2210 1
354 2180 451 2210 uides
468 2179 654 2219 principem
672 2179 762 2210 AB:
788 2180 882 2210 uides
899 2199 904 2205 ·
926 2180 1100 2220 Principes
1116 2180 1149 2210 P
1262 2191 1281 2219 3
1306 2191 1373 2211 Lxx
1390 2181 1443 2212 A:
1467 2178 1548 2212 Hi.
1568 2181 1601 2211 P

267 2236 285 2263 4
310 2224 371 2254 alis
389 2223 463 2254 add.
481 2222 631 2262 Lipsius:
661 2233 683 2253 x
702 2223 763 2253 alis
780 2223 929 2253 Laurent
1015 2229 1048 2254 et
1066 2223 1216 2264 Lipsius:
1249 2229 1300 2254 set
1317 2235 1396 2255 corr.
1416 2225 1447 2254 in
1465 2225 1524 2254 sed
1538 2224 1570 2254 A
1589 2236 1596 2255 t

267 2268 327 2297 sed
345 2267 378 2296 P
525 2267 633 2297 adhoc
650 2266 683 2296 P
828 2277 848 2306 9
872 2272 958 2306 spet.
977 2267 1009 2297 A
1141 2278 1175 2296 11
1203 2269 1318 2306 utique
1335 2267 1412 2305 AF,
1430 2268 1459 2298 lz.
1473 2279 1497 2298 e.
1516 2278 1597 2306 quae

268 2311 306 2340 ab
323 2311 430 2349 aliquo
446 2311 560 2340 sallem
571 2310 864 2349 probaripossent:
892 2312 1012 2350 cuique
1030 2311 1187 2341 Heinsius
1298 2321 1337 2351 19
1360 2311 1543 2350 asperrime
1561 2311 1593 2340 A

268 2364 310 2384 20
336 2354 477 2383 Sisciam
494 2353 548 2384 B:
583 2353 669 2383 Sisci
688 2354 752 2383 iarn
772 2354 805 2382 A
823 2365 829 2384 ι
865 2354 1002 2385 Sistiam
1025 2353 1059 2383 P
1188 2364 1228 2383 22
1254 2355 1354 2384 ductu
1372 2355 1405 2383 A
1555 2364 1596 2392 23

268 2397 443 2427 utilitatem
460 2397 492 2426 A
621 2398 662 2426 26
685 2397 824 2427 becillus
841 2398 874 2426 A
1005 2408 1045 2437 27
1071 2398 1337 2428 districtissimus
1354 2397 1484 2436 Bentley
1499 2409 1505 2427 :
1530 2397 1595 2427 dis-

1618 911 1656 932 10

1618 1568 1658 1589 20

1617 1897 1655 1929 25

268 2442 432 2470 traximus
449 2440 537 2471 AF:
562 2441 835 2470 distractissimus
852 2440 1036 2471 Rhenanus
1134 2443 1176 2471 28
1200 2442 1256 2471 uni
1275 2441 1411 2480 negotio
1431 2439 1595 2471 Gelenius:
1650 2450 1652 2452 ’

272 2485 328 2514 uni
346 2484 461 2523 genito
478 2483 532 2516 A:
559 2484 617 2514 uni
635 2484 762 2523 genitio
780 2483 832 2514 B:
857 2485 914 2514 uni
930 2484 965 2514 P

910 2542 976 2576 124
