1799 2864
444 213 505 250 IN
535 213 825 250 VELLEIVM
857 213 1237 251 PATERCVLVM

183 320 220 357 ἆ
245 323 362 358 fuerat
390 324 424 358 in
451 335 495 358 eo
521 324 648 358 codice
673 323 769 357 unde
798 323 1055 357 Murbacensis
1081 323 1191 357 fluxit.
1240 317 1290 358 E}
1309 334 1373 367 pro
1398 322 1509 357 etiam

187 381 404 426 saepissime
423 382 457 416 in
477 381 663 415 codicibus
682 379 803 415 omnis
820 380 967 422 generis
986 387 1020 414 et
1038 380 1170 414 aetatis
1189 380 1322 415 inueni.

229 450 284 483 49
308 449 321 473 1
354 439 507 473 Lentulo
525 445 562 473 et
582 439 760 473 Marcello
778 433 862 474 C—N·
882 445 963 482 post
984 438 1112 472 urbem
1136 438 1324 471 conditam
1347 437 1453 471 annis
1474 449 1508 470 a.

182 504 230 531 CC
247 523 255 530 .
275 505 321 530 III
340 504 375 531 et
397 507 513 530 annos
533 504 693 530 LXXVIII
719 507 832 541 quam
856 503 895 530 tu
924 496 976 529 M.
995 494 1116 529 Vinici
1144 496 1375 529 consulatum
1400 495 1509 528 inires

182 554 317 588 bellum
337 554 442 588 ciuile
460 554 604 588 exarsit.
621 554 670 588 A.

231 606 313 647 C—N'·
332 612 367 645 A
389 623 396 645 ε
425 611 562 645 COSS.
587 612 630 645 Ρ.
726 611 833 646 annis
858 618 998 645 ACCIII.
1017 610 1060 644 P.
1158 617 1193 644 et
1212 621 1328 644 annos
1348 617 1508 643 LXXVIII

182 670 330 704 Burer:
358 675 393 703 et
412 677 572 702 LXXVIII
591 670 635 703 P.

233 726 327 760 Mire
345 726 405 760 hic
423 733 582 760 erratum
600 732 656 760 est
674 726 709 760 in
727 727 778 769 A,
798 738 880 760 cum
899 720 973 763 ffi
990 731 1164 770 praestet,
1189 724 1370 759 sententia
1389 724 1510 768 potius

183 785 321 819 COSS.
336 785 566 828 postulante:
594 796 713 829 neque
737 791 859 818 tamen
884 785 1003 819 ausim
1030 795 1115 817 eum
1143 794 1303 817 errorem
1330 782 1509 826 imputare

182 841 444 884 Amerbachio,
463 852 547 875 cum
561 853 673 887 quam
691 842 990 876 emendationem
1010 840 1180 884 (COSS.)
1202 841 1403 874 Rhenanus
1429 839 1464 873 in
1478 840 1510 872 P

181 898 306 940 edidit,
327 899 483 933 eandem
502 911 611 933 nemo
633 911 706 932 non
736 900 943 943 prolaturus
968 898 1075 933 fuerit
1095 899 1140 932 de
1158 908 1236 932 suo.
1288 898 1394 942 Quod
1421 908 1508 930 uero

181 957 216 991 A
246 968 438 991 numerum
457 965 523 1000 703
546 957 597 990 sic
616 957 792 1001 expressit
815 964 853 991 ut
878 957 997 1001 prima
1019 956 1138 990 littera
1161 967 1183 989 a
1204 966 1318 999 parua
1336 954 1393 995 sit,
1413 954 1448 987 in
1467 966 1509 987 eo

183 1014 268 1048 uide
286 1026 331 1048 ne
347 1014 541 1058 uestigium
567 1014 684 1048 subsit
709 1025 842 1048 causae
869 1015 966 1048 unde
987 1024 1160 1047 numerus
1186 1013 1407 1057 deprauatus
1431 1018 1508 1045 est:

182 1072 299 1106 fuerat
319 1080 458 1114 DCCIII,
477 1072 610 1106 deinde
629 1078 772 1106 mutata
790 1081 817 1105 D
837 1072 872 1105 in
891 1073 926 1114 d,
945 1073 981 1106 d.
999 1080 1057 1106 CC.
1073 1079 1132 1114 ΙΙΙ,
1151 1083 1194 1105 ex
1211 1071 1282 1105 hac
1300 1070 1459 1115 denique
1477 1081 1508 1104 a.

183 1137 240 1163 CC.
257 1138 316 1171 ΙΙΙ,
336 1130 387 1163 sic
404 1129 501 1163 enim
520 1129 557 1162 in
575 1130 610 1162 A
632 1129 807 1173 scriptum
828 1129 960 1163 inueni.

231 1187 427 1231 Sequentia
459 1187 617 1222 Orellius
644 1187 695 1221 sic
722 1187 877 1221 correxit
900 1192 936 1220 et
955 1191 1041 1221 ante
1061 1199 1179 1220 annos
1197 1194 1370 1228 LXXVIII,
1391 1197 1458 1229 ego
1477 1189 1513 1219 et

183 1256 299 1278 annos
325 1250 409 1278 am‘e
435 1253 595 1278 LXXVIII
621 1245 686 1289 (sic
712 1244 833 1289 potius
859 1256 969 1290 quam
995 1252 1034 1279 ut
1059 1244 1142 1278 dedi
1164 1256 1199 1289 p.
1219 1245 1304 1287 68):
1341 1244 1430 1278 solet
1458 1243 1509 1277 sic

183 1302 353 1336 collocari
374 1309 457 1347 post
477 1302 740 1337 accusatiuum.

230 1371 283 1404 49
301 1370 323 1402 4
359 1367 396 1394 ut
428 1360 560 1394 deinde
589 1360 720 1404 spretis
754 1360 925 1394 omnibus
960 1371 1054 1404 quae
1089 1361 1226 1394 Caesar
1260 1359 1510 1403 postulauerat

181 1418 439 1452 tantummodo
457 1425 650 1452 contentus
670 1430 752 1452 cum
772 1430 844 1452 una
862 1418 1006 1462 legione
1025 1430 1070 1452 ne
1092 1418 1238 1452 titulum
1257 1417 1411 1451 retinere
1431 1428 1510 1461 pro-

183 1476 325 1510 uinciae
340 1476 578 1521 priuatusque
591 1476 626 1509 in
646 1477 773 1510 urbem
793 1477 918 1510 uenire
937 1484 972 1510 et
992 1488 1030 1510 se
1049 1476 1085 1509 in
1104 1475 1282 1520 petitione
1298 1475 1508 1509 consulatus

184 1534 366 1578 suffragiis
386 1535 424 1567 P.
439 1535 483 1567 R.
502 1534 732 1568 committere
751 1534 947 1568 decreuere
965 1534 1016 1568 A.

230 1603 275 1626 ne
293 1603 360 1625 om.
379 1592 423 1625 Ρ.
547 1591 691 1626 titulum
707 1593 743 1626 A
749 1593 794 1634 Ρ,
801 1593 908 1637 salso
928 1592 1092 1627 Orellz'zcs
1114 1591 1157 1625 z'd
1170 1593 1302 1625 omisit.
1355 1590 1509 1624 ‘Exem-

182 1650 262 1695 plar
285 1656 392 1683 uetus
415 1649 590 1684 sichabet
618 1657 656 1684 ut
684 1651 882 1694 legendum
906 1650 1112 1684 existimem
1134 1649 1362 1683 committere
1384 1649 1510 1682 decre-

182 1709 299 1742 uerat'
317 1708 450 1741 Bltrer.

231 1765 269 1799 Si
289 1772 391 1799 tanta
404 1765 493 1799 fides
513 1772 610 1799 esset
627 1767 763 1799 Burero
782 1772 819 1799 ut
839 1772 968 1799 testem
987 1776 1071 1799 eum
1089 1771 1218 1799 contra
1236 1763 1450 1798 coniunctos
1472 1763 1505 1796 A

183 1830 218 1857 et
236 1823 270 1856 Ρ
287 1823 548 1866 acciperemus,
568 1830 692 1867 posset
710 1822 823 1857 uideri
842 1824 1053 1856 decreuerat
1070 1822 1105 1856 in
1128 1821 1361 1856 Murbacensi
1385 1821 1508 1863 fuisse,

182 1891 249 1914 nec
279 1881 423 1914 deesset
451 1887 630 1914 structura
664 1880 863 1914 indicatiuo
895 1880 1131 1924 parenthesin
1159 1879 1325 1914 inferenti
1351 1879 1508 1913 similem

183 1949 308 1972 earum
343 1938 389 1972 de
415 1938 546 1982 quibus
568 1938 647 1972 fuse
669 1938 841 1972 disseruit
868 1939 1033 1972 Thomas
1060 1950 1095 1982 p.
1123 1948 1166 1981 23
1193 1949 1283 1982 sqq,
1311 1941 1353 1970 ut
1376 1938 1510 1981 spretis

183 2007 213 2029 o.
240 2007 334 2039 quae
363 1997 499 2029 Caesar
517 1996 780 2040 postulalcerat
813 1995 1082 2040 (lantzmzmodo
1112 1999 1301 2029 contentus
1326 2006 1406 2028 cum
1433 2006 1509 2028 una

182 2054 323 2098 legione
333 2054 486 2086 titulum
499 2055 655 2087 relinere
665 2056 892 2098 prouinciae,
894 2056 1075 2098 priuatus
1084 2052 1180 2098 [que]
1190 2055 1229 2086 in
1243 2053 1365 2086 urbem
1382 2054 1509 2086 uenire

182 2115 217 2143 el
232 2122 269 2144 se
286 2111 481 2156 szffzzgiis
491 2112 536 2145 Ρ.
548 2112 592 2144 R.
611 2113 833 2145 committere
854 2111 1090 2155 decreuerat).
1144 2111 1204 2145 Sic
1222 2123 1265 2145 ex
1278 2115 1320 2144 ut
1333 2111 1508 2154 penderet

182 2170 344 2208 transiit,
360 2167 416 2201 his
432 2175 619 2213 tamquam
634 2169 772 2213 protasi
791 2169 1027 2213 responderet
1046 2169 1220 2213 apodosis
1236 2169 1298 2202 Cn.
1311 2169 1509 2212 Pompeius

182 2227 414 2270 consulesque
431 2253 439 2260 .
460 2253 467 2260 .
486 2228 729 2260 transmisere.

229 2284 302 2318 Sed
329 2295 409 2317 cum
436 2285 550 2317 Burer
576 2284 790 2328 scripturam
815 2284 1071 2318 Murbacensis
1102 2283 1329 2328 interpretari
1351 2290 1508 2326 tantum,

182 2353 256 2375 non
283 2354 376 2386 quae
404 2341 510 2376 suerit
536 2342 660 2376 testari
688 2342 865 2384 uideatur,
892 2342 1202 2387 acquiescendum
1232 2341 1350 2385 potius
1377 2341 1444 2375 erit
1470 2341 1506 2375 in

182 2411 225 2434 eo
260 2399 295 2433 in
328 2400 425 2444 quod
454 2400 530 2433 ΑΡ
557 2399 778 2444 conspirant,
806 2401 1003 2434 decreuere.
1060 2401 1143 2433 Hoc
1171 2406 1317 2443 recepto
1344 2398 1508 2444 plerique

184 2457 326 2492 Celenii
353 2457 651 2492 emendationem
679 2464 851 2492 secuntur
869 2459 1052 2501 priuatus
1078 2459 1117 2491 in
1142 2457 1265 2490 urbem
1299 2458 1442 2491 ueniret
1473 2462 1509 2491 et

815 2521 871 2552 161
1299 2517 1344 2551 11
