1799 2864
709 227 879 264 LIBER
910 227 952 263 11

169 335 199 373 is
231 337 357 375 uictus
390 349 413 374 a
452 338 506 374 M.
545 337 749 384 Perpenna
787 335 1009 384 ductusque
1040 334 1079 372 in
1114 334 1324 384 triumpho,
1360 337 1430 375 sed
1467 349 1490 374 a

171 403 235 439 M’.
259 401 429 451 Aquilio,
451 400 578 450 capite
604 413 751 449 poenas
778 399 898 446 dedit,
924 413 1015 437 cum
1041 399 1152 437 initio
1184 400 1276 438 belli
1305 402 1488 440 Crassum

170 467 411 513 Mucianum,
437 465 564 504 uirum
593 465 684 504 iuris
711 464 1025 511 scientissimum,
1047 465 1307 503 decedentem
1331 479 1378 503 ex
1398 466 1492 504 Asia

167 532 441 580 proconsulem
472 530 740 568 interemisset.
799 537 837 568 et
859 531 898 567 P.
922 529 1054 579 Scipio
1081 529 1287 568 Africanus
1312 530 1491 568 Aemilia-
1511 544 1525 564 2

129 612 143 640 ,ε
168 609 250 642 nus,
286 595 353 644 qui
392 595 668 644 Carthaginem
707 596 916 642 deleuerat,
950 602 1040 644 post
1078 601 1135 633 tot
1172 602 1352 644 acceptas
1391 595 1490 633 circa

168 659 423 698 Numantiam
461 659 583 698 cladis
621 667 772 698 creatus
819 659 959 698 iterum
1003 660 1142 697 consul
1187 659 1408 709 missusque
1451 660 1490 698 in

168 724 403 774 Hispaniam
424 726 602 763 fortunae
623 724 834 774 uirtutique
862 732 1042 774 expertae
1072 724 1112 762 in
1139 724 1270 762 Africa
1290 725 1491 774 respondit

167 789 205 826 in
246 789 451 839 Hispania,
491 797 529 828 et
574 789 673 827 intra
710 803 859 828 annum
896 803 943 828 ac
980 788 1046 827 tris
1085 789 1241 835 mensis,
1282 802 1400 838 quarn
1443 803 1490 828 eo

166 862 337 900 uenerat,
380 853 661 893 circumdatam
709 853 892 904 operibus
940 853 1196 892 Numantiam
1243 853 1492 904 excisamque

166 918 349 968 aequauit
381 920 475 957 solo.
535 932 607 957 nec
634 919 842 969 quisquam
873 919 988 957 ullius
1019 918 1144 968 gentis
1171 918 1377 957 hominum
1401 927 1492 958 ante
1511 934 1529 963 3

165 997 255 1021 eum
277 983 437 1022 clariore
457 983 611 1022 urbium
639 984 791 1022 excidio
823 997 969 1022 nornen
1001 997 1115 1022 suum
1146 992 1357 1033 perpetuae
1388 998 1492 1023 corn-

165 1048 367 1086 mendauit
387 1048 622 1087 memoriae:
653 1048 798 1098 quippe
814 1048 942 1086 excisa
958 1048 1194 1098 Carthagine
1214 1062 1259 1086 ac
1276 1049 1491 1087 Numantia

164 1113 214 1150 ab
239 1112 396 1151 alterius
423 1126 495 1151 nos
523 1121 641 1159 metu,
666 1113 822 1152 alterius
850 1113 1065 1152 uindicauit
1096 1113 1354 1152 contumeliis.
1414 1114 1489 1160 hic,
1510 1125 1530 1154 4

165 1191 255 1215 eum
290 1177 551 1228 interrogante
589 1178 747 1217 tribuno
781 1178 975 1225 Carbone,
1012 1178 1107 1227 quid
1141 1179 1191 1216 de
1229 1178 1288 1216 Ti.
1324 1179 1492 1217 Gracchi

130 1259 145 1289 5
165 1243 286 1280 caede
325 1243 494 1290 sentiret,
534 1243 747 1292 respondit,
788 1242 819 1281 si
857 1242 888 1281 is
926 1244 1181 1292 occupandae
1219 1243 1273 1280 rei
1311 1243 1492 1292 publicae

164 1306 340 1344 animum
384 1307 596 1354 habuisset,
640 1307 721 1345 iure
758 1321 927 1345 caesum.
986 1315 1024 1345 et
1062 1321 1153 1345 cum
1192 1307 1320 1346 omnis
1358 1308 1492 1347 contio

164 1373 428 1419 acclamasset,
468 1372 653 1419 hostiurn,
689 1372 826 1422 inquit,
862 1380 1100 1410 armatorum
1139 1372 1282 1411 totiens
1320 1374 1490 1412 clamore

165 1450 244 1474 non
275 1437 439 1484 territus,
472 1437 539 1487 qui
573 1450 734 1486 possum
766 1444 896 1475 uestro
927 1437 1088 1483 moueri,
1120 1450 1287 1487 quorum
1321 1451 1492 1476 nouerca

164 1509 220 1538 est
260 1501 402 1539 Italia?
457 1515 634 1540 reuersus
673 1501 711 1539 in
751 1502 888 1540 urbem
922 1501 1021 1540 intra
1059 1502 1179 1540 breue
1216 1510 1383 1551 tempus,
1420 1504 1487 1541 M'.
1509 1514 1526 1544 5

164 1566 324 1615 Aquilio
356 1567 399 1605 C.
424 1567 658 1616 Sempronio
688 1567 917 1605 consulibus
945 1567 1091 1605 abhinc
1119 1581 1244 1606 annos
1276 1571 1372 1614 †CL,
1401 1576 1490 1617 post

164 1632 263 1669 duos
294 1632 521 1669 consulatus
552 1633 733 1681 duosque
759 1632 978 1681 triumphos
1009 1640 1046 1670 et
1073 1632 1132 1670 bis
1157 1632 1306 1671 excisos
1327 1640 1490 1672 terrores

163 1695 215 1733 rei
245 1695 427 1745 publicae
456 1710 571 1734 mane
605 1696 645 1734 in
679 1698 823 1735 lectulo
857 1704 1030 1746 repertus
1064 1704 1122 1735 est
1156 1705 1343 1744 mortuus,
1366 1697 1419 1736 ita
1449 1707 1490 1736 ut

163 1761 357 1809 quaedam
392 1760 573 1799 elisarum
607 1761 778 1799 faucium
812 1761 852 1799 in
886 1761 1039 1800 ceruice
1072 1761 1330 1811 reperirentur
1360 1770 1487 1801 notae.

163 1826 212 1864 de
232 1825 329 1863 tanti
350 1825 421 1863 uiri
442 1833 566 1864 morte
587 1828 693 1864 nulla
713 1826 846 1864 habita
869 1834 927 1865 est
954 1826 1132 1876 quaestio
1158 1827 1321 1876 eiusque
1348 1840 1489 1877 corpus
1508 1833 1527 1864 6

104 1909 139 1929 .›-
163 1891 292 1928 uelato
313 1890 440 1940 capite
460 1892 605 1929 elatum
630 1899 698 1938 est,
721 1891 831 1929 cuius
858 1905 977 1941 opera
1003 1905 1118 1941 super
1144 1899 1271 1930 totum
1302 1899 1487 1930 terrarum

163 1955 299 1993 orbern
330 1956 461 1994 Roma
486 1957 673 1994 extulerat
704 1964 831 2006 caput.
891 1970 960 1994 seu
990 1958 1159 2003 fatalem,
1188 1964 1231 1995 ut
1257 1958 1397 2006 plures,
1420 1970 1488 1995 seu

164 2021 373 2057 conflatam
406 2020 568 2067 insidiis,
600 2029 642 2059 ut
674 2021 793 2070 aliqui
827 2021 1035 2070 prodidere
1069 2021 1292 2068 memoriae,
1324 2029 1490 2060 mortem

163 2084 271 2131 obiit,
312 2084 433 2122 uitam
472 2094 575 2124 certe
613 2085 882 2135 dignissimam
921 2086 1009 2135 egit,
1045 2099 1146 2135 quae
1185 2086 1328 2124 nullius
1365 2087 1417 2124 ad
1450 2086 1490 2124 id

163 2149 349 2199 temporis
387 2159 658 2200 praeterquam
696 2151 803 2190 auito
842 2153 990 2201 fulgore
1032 2152 1262 2190 uinceretur.
1322 2151 1489 2190 decessit

210 2235 222 2254 r
251 2224 425 2263 Perperna
436 2225 615 2255 Burmann
682 2230 734 2256 set
747 2235 765 2255 a
779 2226 811 2255 A
830 2236 837 2255 ε
861 2226 921 2256 sed
935 2225 983 2257 P:
1009 2226 1069 2256 sed
1086 2226 1148 2256 sub
1159 2226 1290 2265 Bentley
1388 2237 1408 2257 2
1433 2226 1488 2258 M‘.

163 2267 275 2299 Aldus
290 2278 298 2297 ε
324 2267 368 2299 Μ.
385 2268 454 2298 AP
537 2279 558 2308 3
581 2269 646 2299 alia
661 2274 820 2309 suprascr.
836 2269 927 2300 italia
943 2268 976 2298 A
1068 2280 1087 2308 4
1111 2275 1145 2300 at
1166 2268 1245 2300 Voss
1332 2270 1353 2299 6
1377 2271 1489 2301 clades

378 2319 411 2336 aC

162 2343 234 2373 ΑΡ
339 2344 360 2373 8
381 2347 413 2375 δε
431 2345 490 2374 tris
509 2345 624 2384 (prius
640 2347 724 2381 tres)
743 2346 776 2375 A
798 2346 867 2386 (sic)
950 2356 1086 2376 menses
1103 2345 1174 2375 ΑΡ
1284 2356 1319 2376 11
1347 2347 1489 2377 clariore

164 2387 289 2420 Burer:
314 2387 447 2418 clariori
464 2387 550 2419 AP:
575 2388 633 2418 sed
647 2392 681 2418 ut
697 2389 730 2419 in
747 2388 780 2418 A
796 2389 891 2427 prius
905 2390 1064 2428 scriptum
1071 2389 1177 2428 fuerit
1192 2389 1383 2429 clariorum‚
1400 2391 1492 2429 quod

165 2430 248 2461 mihi
263 2431 512 2471 praeferendum
537 2430 666 2462 uidetur
792 2442 830 2471 13
853 2432 908 2462 hic
929 2443 1005 2463 cum
1022 2433 1055 2463 A
1184 2442 1220 2470 14
1245 2432 1307 2462 Tib
1323 2434 1355 2463 A
1373 2444 1380 2463 :
1404 2433 1442 2465 T.
1459 2434 1494 2464 P

170 2483 205 2512 17
231 2474 316 2505 adel.
335 2474 406 2504 ΑΡ
492 2484 532 2513 19
557 2474 599 2505 M.
619 2475 690 2504 ΑΡ
784 2485 827 2506 20
851 2475 950 2507 COS.
970 2476 1002 2506 A
1071 2486 1112 2507 ct.
1129 2475 1216 2506 AP:
1240 2485 1305 2507 ch
1322 2476 1489 2508 Laurent:

165 2527 256 2547 CLvu
273 2517 370 2548 Kritz
500 2529 538 2548 21
564 2518 613 2549 bis
630 2518 681 2549 P:
705 2518 756 2548 his
773 2520 805 2549 A

810 2571 849 2602 23
