1799 2864
722 230 1152 268 PROLEGOMENA

272 357 318 381 ex
339 344 415 381 hoc
442 356 521 381 uno
546 344 769 392 praelucere
796 342 963 380 maxime
990 343 1109 380 fidem
1140 341 1402 388 Amerbachii,
1426 342 1602 392 derogari

274 413 481 452 Rhenani:
530 413 594 451 hic
633 414 803 451 fucatam
844 419 1078 450 uetustatem
1121 411 1329 459 simulauit,
1365 412 1429 450 ille
1468 425 1600 450 ueram

270 483 585 533 repraesentauit.

327 556 435 592 Inter
469 553 768 603 orthographiae
798 554 977 601 exempla
1007 553 1105 590 haec
1136 565 1268 601 pono:
1312 559 1433 600 artus,
1469 558 1602 590 artare

271 625 414 674 septies
435 624 610 662 Velleius
631 622 833 672 usurpauit
848 637 858 670 ,-
887 622 947 660 bis
964 630 1117 660 tantum
1131 622 1310 672 sequiore
1324 623 1602 673 orthographia

271 697 308 733 A
327 700 477 733 arctata
504 694 539 732 ii.
574 709 620 732 10
647 695 726 740 fin.,
762 694 984 731 arctissimis
1014 693 1036 730 i.
1074 705 1130 741 17.
1167 706 1202 740 4,
1232 693 1440 742 quinquies
1466 707 1535 743 per
1564 699 1604 730 rt

270 767 398 803 artati
420 765 442 803 i.
475 767 531 802 16.
565 779 597 811 2,
624 764 660 802 ii.
689 766 748 802 86.
785 778 814 811 1,
847 769 1019 800 artatum
1053 763 1075 800 i.
1113 765 1158 800 16
1186 764 1265 810 fin.,
1294 765 1530 801 artissimam
1562 763 1597 801 ii.

275 850 358 874 100.
383 850 418 883 4,
440 842 527 873 arto
546 835 582 873 ii.
604 849 687 882 124.
716 850 745 873 1.
807 837 859 872 At
883 834 1044 872 ineunte
1074 847 1173 872 saec.
1200 834 1261 872 xvi
1286 834 1507 883 sequiorem
1528 835 1600 872 for-

271 920 376 944 mam
393 920 461 956 per
480 912 539 944 ντί
551 907 751 944 malebant
770 921 776 944 :
808 906 991 943 nimirum
1009 919 1088 943 non
1105 907 1246 943 horum
1267 905 1383 943 futtili
1399 904 1600 943 doctrinae

270 977 557 1015 Amerbachius
597 976 896 1026 obtemperauit,
933 977 1003 1014 sed
1048 975 1227 1014 codicem
1271 989 1386 1013 suum
1425 989 1517 1013 uera
1555 988 1601 1013 ac

269 1055 402 1086 uetera
423 1055 644 1086 seruantem
666 1055 822 1085 secutus
844 1055 911 1084 est.

323 1120 478 1156 uocauit
494 1132 564 1168 pro
585 1119 743 1156 uacauit
762 1118 833 1169 (sic
858 1125 961 1155 certe
991 1118 1118 1166 legere
1142 1116 1239 1154 mihi
1263 1116 1370 1154 uisus
1392 1116 1495 1166 sum)
1518 1118 1553 1154 A
1574 1115 1596 1153 i.

273 1201 329 1238 15.
352 1203 367 1226 1
386 1204 396 1236 ,-
427 1197 635 1238 potestque
656 1189 696 1227 id
723 1202 859 1226 uerum
887 1201 983 1234 esse,
1010 1200 1251 1236 quamquam
1279 1187 1416 1225 ceteris
1436 1187 1476 1224 in
1503 1186 1599 1225 locis

268 1259 480 1297 Velleianis
501 1273 569 1309 per
588 1273 612 1296 a
634 1261 779 1297 elatum
800 1266 881 1296 est:
912 1257 1083 1296 ostendit
1106 1259 1252 1295 Munro
1268 1258 1319 1295 ad
1341 1259 1452 1295 Lucr.
1476 1257 1497 1294 i.
1523 1269 1599 1306 520

267 1343 400 1367 uocare
412 1329 642 1379 antiquioris
659 1343 744 1367 esse
760 1328 972 1375 latinitatis,
991 1341 1128 1365 uacare
1144 1327 1307 1375 serioris,
1326 1341 1399 1365 nec
1416 1327 1489 1365 nisi
1510 1335 1599 1377 post

269 1400 487 1438 Domitiani
513 1407 681 1438 aetatem
702 1399 741 1437 in
765 1398 1092 1448 Inscriptionibus
1112 1398 1329 1448 prouenire.
1391 1400 1437 1436 In
1461 1398 1597 1435 Manil.

265 1470 286 1508 i.
318 1485 362 1520 13
385 1476 499 1508 uacat
517 1470 828 1517 Gemblacensis,
852 1475 961 1507 uocat
984 1469 1123 1519 reliqui
1150 1469 1308 1507 codices
1331 1469 1477 1507 Iacobi.
1540 1470 1598 1506 Ex

267 1541 543 1579 Ribbeckiana
573 1542 632 1579 ed.
665 1540 811 1590 Vergili
844 1540 1029 1590 intellego
1061 1541 1106 1578 G.
1139 1540 1189 1577 iii.
1232 1552 1306 1588 477
1344 1540 1518 1577 vacantis
1548 1541 1596 1585 R,

266 1613 436 1649 uocantis
458 1614 535 1649 MP
560 1612 716 1658 habere,
742 1619 780 1649 at
801 1610 959 1660 reliquis
984 1618 1168 1660 quattuor
1189 1610 1284 1648 locis
1309 1624 1455 1657 uacare,
1479 1615 1594 1656 uacet,

265 1688 380 1719 uacat
409 1681 502 1732 (bis)
538 1684 580 1719 M
614 1690 839 1720 constanter
856 1697 865 1729 3
912 1690 954 1719 ut
993 1682 1159 1720 dubium
1190 1681 1430 1731 relinquatur
1464 1680 1598 1718 Tiberi

263 1760 390 1791 aetate
421 1767 515 1790 num
546 1754 677 1791 adhuc
707 1766 728 1790 o
758 1752 797 1790 in
829 1752 1033 1791 codicibus
1063 1754 1175 1791 MSS.
1208 1752 1282 1790 nisi
1313 1765 1394 1790 uno
1424 1753 1598 1790 alteroue

264 1823 479 1872 proueniat.
514 1823 549 1860 ii.
574 1825 630 1861 18.
650 1838 668 1860 2
692 1824 868 1861 interemi
885 1822 1040 1874 (infin.)‚
1066 1823 1102 1860 ii.
1121 1825 1180 1872 58,
1202 1838 1220 1860 2
1239 1825 1534 1861 inferemendlme
1549 1825 1596 1868 A,

263 1901 399 1931 contra
433 1907 583 1931 morem
618 1907 716 1931 saec.
754 1893 825 1931 xvi.
897 1895 982 1931 Iam
1017 1899 1198 1942 temptare
1231 1893 1362 1931 decies
1396 1892 1598 1942 usurpauit

263 1963 457 2011 Velleius3
486 1972 523 2001 et
554 1963 609 2001 sic
639 1963 782 2013 septies
811 1977 880 2013 per
910 1969 990 2013 mpl
1017 1963 1203 2013 scripturn
1235 1963 1274 2000 in
1305 1965 1341 2000 A
1370 1963 1527 2001 inueni:
1557 1962 1593 2000 ii.

266 2045 326 2083 54.
355 2048 369 2071 1
396 2040 619 2080 temtassent,
642 2034 678 2071 ii.
702 2048 763 2083 49.
793 2048 814 2083 3
843 2035 988 2071 fentari
1014 2047 1123 2081 corn,
1155 2035 1224 2072 sed
1255 2037 1437 2083 temptari
1453 2047 1501 2071 m.
1526 2047 1594 2083 pr.,

264 2103 299 2141 ii.
322 2107 405 2141 106.
436 2118 454 2141 2
478 2110 675 2141 tentatum.
737 2106 876 2153 Itaque
897 2118 1052 2153 semper
1066 2106 1146 2143 fere
1162 2104 1290 2142 codici
1304 2105 1516 2142 obsecutus
1538 2111 1595 2142 est

264 2177 367 2222 Am.‚
390 2189 469 2213 non
492 2177 649 2213 saeculo
671 2189 753 2222 suo,
771 2189 849 2225 qua
869 2175 945 2213 iam
968 2181 1113 2213 tentare
1132 2176 1341 2214 malebant.
1394 2178 1596 2213 Praeterea

261 2245 297 2282 ii.
327 2259 409 2292 114.
435 2260 458 2293 4
488 2259 559 2295 pro
590 2247 760 2295 reliquiis
790 2248 825 2283 A
855 2247 922 2284 dat
952 2248 1119 2295 reliquis,
1145 2247 1261 2285 solito
1291 2260 1399 2285 more
1428 2246 1594 2295 antiqui-

263 2316 379 2363 tatis,·
417 2317 467 2354 de
505 2330 583 2366 qua
621 2330 660 2354 re
699 2317 879 2354 dixerunt
911 2319 1186 2355 Mommsenus
1218 2318 1269 2355 ad
1305 2319 1414 2355 Mon.
1449 2319 1590 2366 Ancyr.

261 2399 291 2424 c.
315 2386 366 2432 iii,
391 2387 634 2425 Ribbeckius
655 2387 694 2425 in
717 2389 934 2437 Prolegom.
957 2387 1102 2437 Vergili
1122 2388 1168 2425 iv.

318 2458 498 2495 Poteram
519 2459 630 2507 plura
649 2459 810 2505 adferre,
834 2459 902 2496 sed
924 2459 1021 2496 haec
1041 2459 1091 2496 ad
1111 2458 1356 2507 propositum
1378 2458 1469 2497 satis
1490 2466 1592 2497 sunt.

892 2528 961 2558 xxii
