1799 2864
654 192 874 229 ‚VELLEI
905 191 1223 230 PATERCVLI

281 305 326 341 A.
352 303 524 342 Licinius
557 305 689 342 Nerua
719 303 897 350 Silianus,
934 305 974 341 P.
1008 302 1075 342 Sili
1104 302 1216 349 filius,
1248 315 1365 352 quem
1396 301 1522 340 uirum
1552 315 1602 341 ne

279 369 346 419 qui
380 369 567 408 intellexit
600 369 761 422 quidem
795 369 954 407 abunde
985 368 1143 406 miratus
1175 376 1243 415 est,
1269 370 1366 411 †me
1396 367 1491 405 nihil
1521 381 1601 406 non

278 433 428 484 optimo
467 433 544 471 ciui
582 433 870 483 simplicissimo
908 433 999 471 duci
1037 432 1198 482 perisset
1239 433 1459 482 praeferens
1476 436 1508 478 †,
1548 431 1603 470 in-

278 507 429 537 matura
471 504 587 537 morte
629 507 667 537 et
709 500 834 536 fructu
877 497 1140 548 amplissimae
1182 497 1366 547 principis
1408 496 1602 535 amicitiae

278 572 315 602 et
358 563 699 602 consummatione
747 572 907 602 euectae
954 562 993 600 in
1037 562 1268 600 altissimum
1316 570 1637 612 paternumque5

240 640 257 671 5
277 629 473 679 fastigium
514 629 691 679 imaginis
735 630 910 667 defectus
954 636 1020 666 est.
1097 629 1238 665 horum
1281 627 1452 666 uirorum
1496 641 1602 666 men-

276 694 372 733 tioni
405 694 435 732 si
465 694 551 744 quis
581 693 778 743 quaesisse
810 707 873 731 me
911 693 1014 731 dicet
1047 694 1190 740 locum,
1223 694 1411 730 fatentem
1444 700 1576 742 arguet
1591 707 1602 739 ;

276 773 405 809 neque
448 759 553 797 enim
596 758 718 796 iustus
761 758 844 796 sine
887 757 1094 796 mendacio
1137 759 1285 796 candor
1324 758 1431 807 apud
1473 757 1599 796 bonos

275 823 427 862 crimini
459 831 526 862 est.

195 898 255 936 117
328 890 501 926 Tantum
533 888 642 936 quod
668 886 845 925 ultimam
870 886 1107 937 imposuerat
1128 886 1357 925 Pannonico
1377 900 1423 925 ac
1445 888 1601 925 Delma·
1623 906 1662 927 10

275 952 352 991 tico
383 953 487 990 bello
517 953 661 991 Caesar
690 965 862 998 manum,
885 965 975 989 cum
1006 951 1104 989 intra
1133 950 1307 1000 quinque
1337 951 1598 989 consummati

274 1017 371 1056 tanti
398 1017 525 1067 operis
552 1016 636 1055 dies
663 1018 839 1055 funestae
869 1030 915 1055 ex
945 1016 1156 1055 Germania
1176 1016 1364 1066 epistulae
1385 1016 1486 1054 caesi
1507 1016 1600 1054 Vari

274 1082 632 1132 trucidatarumque
661 1082 859 1132 legionum
890 1081 1005 1120 trium
1032 1082 1276 1131 totidemque
1302 1083 1449 1119 alarum
1477 1089 1514 1120 et
1534 1095 1600 1120 sex

275 1147 495 1185 cohortium
527 1160 545 1180 ῆι
579 1162 597 1182 *
628 1148 736 1185 uelut
757 1146 796 1184 in
816 1147 893 1185 hoc
917 1148 1054 1184 saltem
1075 1147 1351 1184 tantummodo
1372 1145 1600 1196 indulgente

275 1211 389 1249 nobis
415 1213 580 1258 fortuna,
613 1225 662 1249 ne
686 1219 879 1261 occupato
901 1212 1001 1249 duce
1024 1225 1042 1245 ›1‹
1067 1226 1085 1245 *
1109 1225 1127 1245 *
1150 1219 1188 1249 et
1221 1224 1338 1248 causa
1367 1219 1404 1249 et
1433 1224 1600 1261 persona
1623 1225 1660 1257 ¹5

240 1292 254 1313 2
274 1290 424 1315 moram
445 1276 570 1326 exigit.
629 1279 754 1314 Varus
776 1276 990 1325 Quintilius
1010 1276 1161 1315 inlustri
1181 1276 1302 1326 magis
1329 1290 1447 1326 quam
1478 1275 1601 1314 nobili

273 1349 379 1380 ortus
400 1342 555 1388 familia,
578 1341 636 1379 uir
656 1341 813 1391 ingenio
834 1341 948 1388 mitis,
972 1341 1144 1379 moribus
1174 1341 1339 1391 quietus,
1361 1349 1403 1379 ut
1424 1354 1598 1390 corpore,

272 1405 325 1444 ita
353 1406 486 1444 animo
515 1406 750 1452 inmobilior,
782 1406 863 1444 otio
893 1405 1014 1456 magis
1045 1414 1259 1444 castrorum
1289 1420 1407 1456 quam
1438 1406 1600 1444 bellicae

272 1472 458 1510 adsuetus
497 1471 667 1518 militiae,
701 1471 891 1521 pecuniae
929 1485 1023 1510 uero
1061 1485 1179 1521 quam
1219 1485 1299 1510 non
1338 1480 1596 1522 contemptor,

274 1536 391 1586 Syria,
433 1536 495 1575 cui
540 1538 768 1586 praefuerat,
809 1536 1032 1584 declarauit,
1073 1550 1191 1586 quam
1239 1551 1387 1587 pauper
1434 1537 1598 1575 diuitem
1619 1549 1660 1571 20

238 1600 467 1650 3ingressus
502 1601 612 1639 diues
646 1614 858 1651 pauperem
890 1601 1068 1651 reliquit;
1107 1601 1138 1639 is
1172 1615 1262 1640 cum
1297 1601 1491 1648 exercitui,
1532 1602 1599 1652 qui

319 1716 332 1735 1
359 1705 526 1736 Alicinius
541 1706 584 1745 (ci
600 1711 699 1745 super
711 1705 877 1745 rasuram)
897 1705 965 1743 del„
984 1705 1055 1736 dein
1068 1711 1224 1746 suprascr.
1238 1706 1403 1736 Alicinius
1414 1706 1446 1735 A
1525 1706 1597 1737 Silii

272 1748 344 1779 ΑΡ
481 1760 500 1779 2
525 1760 568 1779 ne
587 1749 655 1789 (me
673 1749 725 1779 uel
740 1760 794 1779 ine
811 1750 859 1787 A)
880 1749 963 1779 nihil
982 1760 1050 1779 non
1070 1751 1146 1783 (om.
1167 1748 1211 1788 P)
1225 1750 1352 1788 optimo
1372 1749 1530 1790 (optimoss
1546 1750 1595 1789 A)

272 1792 336 1822 ciui
360 1793 456 1831 [ciuis
475 1793 523 1823 AT
545 1793 788 1832 simplicissimo
808 1792 883 1822 duci
910 1793 1054 1831 perisset
1073 1792 1170 1822 BPA
1188 1793 1350 1832 :sortasse
1372 1793 1452 1823 nihil
1478 1804 1545 1823 non
1566 1804 1598 1824 o.

273 1835 336 1865 ciui
366 1836 472 1875 simpl.
504 1837 577 1866 duci
603 1846 782 1875 superesse
805 1837 1014 1875 praeferens,
1036 1837 1074 1875 cf.
1104 1846 1174 1874 125.
1197 1845 1229 1874 5.
1280 1836 1354 1866 Vide
1372 1837 1500 1867 Comm.
1522 1836 1597 1867 Cn‘t.

272 1890 292 1917 4
317 1885 424 1909 morte
442 1879 514 1911 add.
537 1880 636 1910 Orelli
721 1880 967 1918 amplicissimae
984 1880 1016 1909 A
1151 1881 1172 1909 6
1196 1885 1247 1910 est
1263 1879 1310 1911 P:
1337 1890 1375 1910 es
1391 1880 1422 1909 A
1494 1881 1598 1910 hono-

273 1933 345 1952 rum
361 1922 452 1953 AB:
476 1933 616 1962 quorum
634 1922 685 1953 P:
710 1924 830 1953 horum
857 1923 983 1954 Burer:
1007 1924 1170 1953 bonorum
1196 1922 1395 1954 Burmann:
1429 1934 1471 1952 an
1493 1924 1597 1953 hono-

272 1967 379 1996 rariae
407 1967 549 1997 horum?
718 1968 737 1997 8
761 1967 834 1996 sine
872 1967 1047 1997 mendacio
1074 1971 1247 2006 tamquam
1282 1967 1510 2006 interpolatum
1538 1966 1595 1996 dcl.

275 2009 470 2040 Cornelissen
592 2020 630 2039 10
647 2009 702 2049 ac]
717 2011 759 2040 ad
771 2010 802 2039 A
894 2010 1002 2042 Dalm.
1013 2010 1083 2040 ΑΡ
1192 2020 1227 2039 11
1248 2020 1395 2040 consum.
1410 2010 1442 2040 A
1559 2020 1598 2048 14

273 2052 479 2093 cohortium]
493 2053 643 2083 nuntium
661 2054 804 2083 attulere
821 2054 871 2083 hic
884 2054 1102 2093 supplendum
1119 2057 1185 2083 erat
1326 2063 1362 2092 15
1382 2064 1423 2083 ne
1435 2058 1597 2092 occupato

273 2097 391 2126 ducem
407 2101 441 2127 et
458 2107 557 2126 causa
580 2107 725 2136 persona
743 2108 867 2126 moram
891 2098 996 2136 exigit
1012 2097 1088 2127 ΑΡ.
1132 2096 1304 2126 Lacunam
1323 2100 1399 2137 post
1416 2097 1501 2127 duce
1523 2107 1597 2126 cum

273 2139 382 2179 Lipsio
406 2143 435 2169 et
461 2139 571 2170 Vosst'o
592 2141 700 2171 statui.
764 2141 853 2170 Eam
881 2141 925 2170 st'c
943 2141 1088 2180 explent:
1126 2140 1206 2170 Voss
1228 2140 1259 2169 in
1281 2140 1488 2171 debellandis
1512 2140 1596 2170 Pan-

273 2183 382 2213 noniis
414 2184 560 2214 uictores
592 2183 752 2214 Germani
785 2184 825 2214 iis
852 2194 889 2214 se
918 2184 1185 2222 coniungerent:
1230 2183 1338 2213 Halm
1362 2188 1455 2214 tanta
1487 2183 1598 2213 clades

274 2227 479 2257 inferretur:
510 2226 595 2256 Boot
617 2228 740 2257 malum
765 2233 894 2257 tantum
918 2226 1089 2266 ingereret
1175 2228 1235 2257 sed
1265 2237 1364 2257 causa
1392 2232 1425 2257 et
1451 2237 1597 2266 persona

272 2270 404 2309 Lipsius
425 2274 454 2299 et
477 2269 576 2301 Voss:
608 2271 667 2301 sed
691 2275 725 2301 et
749 2281 848 2301 causa
873 2276 906 2301 et
931 2281 962 2310 p.
993 2271 1094 2301 Orelli
1224 2272 1262 2301 18
1287 2271 1331 2300 ita
1348 2270 1540 2301 Acidaltus:
1563 2274 1598 2300 et

271 2313 345 2350 ΑΡ,
365 2313 455 2353 quod
471 2313 630 2353 lVopkens
653 2315 777 2354 interpr.
821 2318 827 2330 ί
835 2319 896 2354 pro
919 2315 1055 2354 cotpon's
1070 2314 1236 2353 animique
1251 2313 1414 2344 tarditate’
1494 2313 1595 2343 Tmob.

272 2357 321 2387 A:
360 2358 448 2388 imm.
480 2357 514 2386 P
664 2367 702 2387 21
729 2368 803 2388 cum
832 2358 865 2387 in
897 2358 929 2387 A
956 2359 1000 2388 sic
1018 2358 1170 2398 scriptum
1198 2361 1242 2387 est
1266 2361 1302 2387 ut
1328 2357 1375 2387 ad
1395 2362 1464 2388 tum
1487 2357 1599 2396 potius

273 2400 407 2430 accedere
422 2400 573 2431 uideatur

909 2514 965 2544 128
