1799 2864
658 203 862 241 VELLEI
894 200 1211 240 PATERCVLI

272 315 418 354 bellum
450 315 761 355 Mithridaticum
790 328 858 365 per
887 316 959 354 Cn.
987 313 1219 363 Pompeium
1248 310 1590 350 administraretur.

236 393 250 414 2
270 388 433 430 accepta
452 394 498 419 ea
516 387 571 419 est
588 381 818 430 magnisque
839 387 1026 418 certatum
1054 379 1152 416 inter
1172 378 1423 426 imperatores
1450 374 1591 424 iurgiis,

271 458 362 483 cum
390 446 602 496 Pompeius
624 447 789 483 Lucullo
816 445 1015 482 infamiam
1043 443 1244 493 pecuniae,
1268 442 1454 480 Lucullus
1482 442 1595 478 Pom—

271 510 361 559 peio
390 510 679 549 interminatam
714 509 969 559 cupiditatem
1003 508 1176 546 obiceret
1209 506 1347 556 imperi
1380 513 1595 554 neuterque

233 585 250 615 3
270 575 320 613 ab
350 588 398 613 eo
427 588 507 625 quo
535 575 768 624 arguebatur
794 573 980 611 mentitus
1008 572 1116 621 argui
1144 579 1286 621 posset.
1346 584 1437 608 nam
1467 583 1596 619 neque
1615 578 1632 608 5

271 640 495 689 Pompeius,
536 648 577 678 ut
615 639 785 689 primurn
823 639 874 676 ad
912 651 993 675 rem
1032 636 1231 686 publicam
1275 637 1480 685 adgressus
1525 642 1593 679 est,

272 718 511 755 quemquam
539 704 706 745 †animo
734 717 866 753 parem
893 703 991 749 tulit,
1014 710 1051 740 et
1078 702 1117 739 in
1138 701 1280 751 quibus
1307 701 1422 739 rebus
1449 700 1596 749 primus

271 783 356 809 esse
383 770 565 815 debebat,
588 770 693 807 solus
720 781 804 806 esse
832 767 1015 816 cupiebat
1037 766 1182 817 (neque
1209 778 1256 803 eo
1283 765 1367 803 uiro
1388 764 1594 814 quisquam

271 843 337 873 aut
357 835 432 873 alia
452 834 585 873 omnia
605 833 733 871 minus
754 840 820 871 aut
846 832 1007 882 gloriam
1035 831 1156 880 magis
1184 830 1394 879 concupiit,
1417 830 1456 867 in
1482 843 1597 879 appe-

271 900 400 938 tendis
434 899 649 938 honoribus
683 898 917 944 inmodicus,
951 897 989 935 in
1019 896 1198 946 gerendis
1228 894 1595 941 uerecundissimus,
1622 912 1660 933 10

271 972 314 1003 ut
343 965 410 1014 qui
440 978 507 1003 eos
538 972 581 1002 ut
610 963 867 1002 libentissime
893 962 1017 1009 iniret,
1048 961 1101 999 ita
1131 961 1258 999 finiret
1291 973 1419 1010 aequo
1452 959 1597 1006 animo,

232 1040 253 1069 4
272 1038 310 1068 et
331 1031 439 1080 quod
463 1029 645 1079 cupisset,
667 1029 825 1067 arbitrio
853 1041 924 1066 suo
951 1035 1131 1073 sumeret,
1153 1026 1282 1064 alieno
1309 1023 1540 1075 deponeret)
1562 1032 1600 1062 et

274 1096 472 1137 Lucullus,
504 1108 680 1132 summus
711 1093 858 1142 alioqui
888 1092 957 1139 uir,
988 1093 1169 1141 profusae
1199 1090 1314 1128 huius
1344 1090 1383 1128 in
1413 1088 1600 1127 aedificiis

273 1159 601 1209 conuictibusque
631 1167 669 1197 et
697 1158 947 1208 apparatibus
976 1157 1148 1195 luxuriae
1176 1156 1324 1206 primus
1352 1163 1488 1193 auctor
1516 1154 1598 1200 fuit,

273 1238 392 1274 quem
413 1224 465 1262 ob
485 1224 647 1262 iniectas
668 1225 791 1261 moles
812 1222 907 1260 mari
928 1230 965 1260 et
985 1229 1185 1270 receptum
1207 1220 1379 1258 suffossis
1400 1219 1600 1257 montibus
1624 1229 1661 1261 15

274 1290 314 1328 in
352 1297 470 1327 terras
505 1301 610 1326 mare
644 1289 751 1325 haud
784 1287 951 1325 infacete
991 1288 1160 1335 Magnus
1195 1284 1406 1333 Pompeius
1444 1285 1600 1321 Xerxen

273 1362 450 1404 togatum
470 1366 613 1391 uocare
632 1353 875 1390 adsueuerat.

203 1430 255 1467 34
329 1422 402 1458 Per
439 1419 480 1457 id
518 1426 673 1468 tempus
710 1431 734 1455 a
772 1418 820 1465 Q.
864 1417 1027 1454 Metello
1066 1417 1183 1455 Creta
1225 1414 1352 1452 insula
1389 1413 1429 1451 in
1467 1412 1603 1462 populi

276 1484 449 1523 Romani
481 1491 716 1533 potestatem
749 1483 907 1520 redacta
940 1489 1008 1528 est,
1042 1494 1142 1530 quae
1176 1479 1343 1518 ducibus
1378 1481 1526 1517 Panare
1565 1486 1603 1517 et

276 1551 473 1588 Lasthene
506 1561 632 1586 xxml
667 1547 824 1586 milibus
859 1547 1047 1585 iuuenum
1086 1545 1242 1592 coactis,
1275 1545 1484 1583 uelocitate
1522 1557 1603 1593 per·
1624 1565 1664 1587 20

275 1614 439 1660 nicibus,
462 1626 659 1651 armorum
680 1612 938 1660 laborumque
958 1609 1261 1660 patientissimiS‚
1284 1609 1507 1659 sagittarum
1530 1624 1602 1648 usu

276 1678 549 1725 celeberrimis,
575 1691 643 1727 per
672 1677 882 1715 triennium
913 1678 1117 1714 Romanos
1147 1675 1335 1713 exercitus
1365 1675 1600 1724 fatigauerat.

240 1761 254 1782 2
277 1759 321 1782 ne
349 1745 399 1782 ab
429 1744 544 1781 huius
566 1743 727 1792 quidem
757 1755 873 1780 usura
901 1741 1044 1791 gloriae
1074 1740 1305 1790 temperauit
1330 1740 1506 1778 animum
1529 1742 1600 1779 Cn.

278 1809 502 1858 Pompeius,
525 1808 621 1858 quin
648 1807 835 1846 uictoriae
864 1815 1013 1856 partem
1040 1814 1245 1844 conaretur
1265 1805 1474 1843 uindicare.
1535 1807 1603 1844 sed

322 1922 341 1941 2
365 1915 514 1950 acceptae
531 1912 561 1941 ὃς
579 1909 650 1940 del..
669 1909 739 1939 dein
756 1914 895 1947 accepta
913 1920 953 1939 ea
968 1908 1002 1937 A
1018 1920 1024 1940 :
1054 1913 1193 1948 accepta
1209 1918 1249 1938 ea
1266 1907 1314 1939 P:
1340 1913 1480 1947 accepta
1498 1918 1538 1938 ea
1554 1914 1605 1938 est

277 1955 390 1994 scn'psi
528 1965 546 1992 4
571 1954 731 1983 obiiceret
749 1953 878 1991 imperii
895 1952 964 1982 AF
1051 1957 1236 1991 neuterque
1259 1952 1310 1983 B:
1340 1962 1383 1981 ne
1408 1958 1546 1990 uterque
1563 1951 1601 1990 P,

277 1997 334 2027 sed
354 1998 537 2028 Rhenanus
559 1998 593 2027 in
618 2007 722 2036 marg.
750 1996 921 2026 adnotanz'l
946 1995 1085 2025 ‘melius
1109 1995 1135 2025 si
1160 1996 1222 2033 leg.
1245 1994 1343 2025 nec':
1376 2006 1442 2026 nee
1464 2000 1605 2034 uterque

277 2041 310 2070 A
328 2042 396 2079 (sic)
558 2050 577 2078 5
602 2041 643 2070 ab
668 2050 708 2069 eo
729 2041 818 2078 quod
841 2039 1045 2078 arguebatur
1068 2038 1156 2069 AP:
1187 2040 1227 2069 ab
1251 2049 1291 2069 eo
1314 2049 1380 2077 quo
1404 2039 1606 2078 arguebatur

281 2084 451 2115 Gelenius:
489 2084 530 2114 ab
559 2094 601 2114 eo
629 2084 685 2122 qui
714 2083 919 2122 arguebatur
945 2083 1087 2122 Maduig
1243 2084 1264 2112 6
1288 2083 1328 2112 ad
1357 2082 1447 2112 BA:
1483 2093 1547 2112 om.
1575 2081 1608 2111 P

280 2149 298 2178 7
323 2139 435 2169 animo
451 2138 484 2168 P
496 2149 502 2168 :
515 2134 576 2168 ΞΕ
593 2139 734 2177 (animo)
748 2139 857 2178 potius
873 2148 973 2177 quam
991 2133 1216 2177 Numquid}
1234 2136 1267 2165 A
1286 2137 1389 2176 :fora
1408 2137 1440 2166 in
1458 2137 1582 2175 aliquid
1598 2148 1605 2166 z

280 2182 416 2212 omnino
434 2182 626 2212 Acz'dalius:
649 2193 758 2220 aequo
775 2182 887 2212 animo
904 2182 1037 2221 Lipsius
1131 2191 1152 2219 9
1175 2181 1250 2219 adp.
1270 2180 1341 2209 ΑΡ
1437 2190 1471 2210 11
1499 2186 1532 2210 et
1548 2180 1604 2218 qui

279 2226 414 2266 Lipsius
428 2226 584 2265 probante
600 2225 742 2265 Maduig
758 2225 790 2256 ii.
808 2236 870 2263 303
888 2229 916 2254 et
930 2224 1046 2254 Nova'k
1068 2226 1071 2228 ’
1182 2234 1218 2253 12
1244 2228 1393 2254 sumeret
1410 2223 1582 2253 Aa‘dalius
1599 2235 1605 2253 ε

278 2280 415 2299 sumere
431 2268 502 2297 ΑΡ
634 2270 672 2298 16
695 2269 841 2299 infacete
858 2268 890 2297 A
910 2280 916 2298 :
940 2268 1073 2298 insectae
1090 2266 1129 2306 P,
1156 2267 1213 2296 sed
1233 2267 1416 2297 Rhenanus
1438 2267 1472 2297 in
1497 2277 1602 2306 matg.

278 2313 452 2342 adnotanit
470 2312 478 2328 ⁴
493 2316 573 2351 puto
598 2312 639 2343 le.
656 2312 801 2342 infacete
827 2312 881 2342 uel
906 2312 1062 2341 insestiue
1075 2311 1083 2322 '
1173 2310 1308 2341 Xersen
1324 2310 1395 2339 ΑΡ
1527 2311 1564 2339 18
1587 2322 1606 2340 a

279 2356 319 2394 Q.
334 2356 385 2386 P:
403 2367 453 2394 aq.
469 2355 501 2384 A
594 2366 635 2386 20
656 2356 826 2386 Lasthane
844 2355 876 2384 A
979 2365 1017 2385 21
1038 2354 1186 2392 laboruq.
1206 2354 1237 2382 A
1322 2364 1362 2384 22
1381 2353 1555 2383 Romanus
1572 2353 1603 2382 A

279 2410 320 2437 23
345 2410 386 2429 ne
404 2399 476 2430 add,
498 2398 646 2429 Gelenius
755 2409 876 2429 usurae
893 2398 1000 2438 gloria
1016 2397 1094 2438 ΑΡ,
1113 2408 1173 2427 em.
1192 2397 1374 2428 Rhenanus
1461 2407 1501 2435 24
1526 2397 1606 2435 quin

281 2442 430 2474 Gelenius
445 2454 452 2473 :
475 2443 533 2481 qui
549 2443 582 2471 A
588 2442 620 2471 P

923 2531 962 2562 52
