1799 2864
694 229 899 266 VELLEI
931 228 1248 267 PATERCVLI

300 346 441 386 rentur,
474 352 598 389 paene
629 339 728 378 inter
759 339 917 378 ultimos
948 339 1204 390 interrogatus
1238 339 1483 389 sententiam,
1515 346 1621 377 tanta

299 404 337 442 ui
371 404 491 442 animi
523 412 641 455 atque
679 405 809 454 ingeni
842 405 1021 443 inuectus
1055 412 1113 443 est
1146 405 1185 442 in
1220 404 1541 451 coniurationem,
1575 417 1622 442 eo

297 470 435 507 ardore
455 469 530 508 oris
552 469 768 508 orationem
795 469 973 507 omnium
1000 469 1199 507 lenitatem
1227 468 1476 507 suadentium
1504 468 1622 506 socie-

259 542 279 572 4
297 539 375 571 tate
407 533 544 571 consili
573 540 794 583 suspectam
826 533 928 579 fecit,
960 533 1014 571 sic
1044 533 1313 582 impendentia
1343 546 1389 571 ex
1418 532 1538 570 ruinis
1568 531 1623 569 in-

296 598 525 648 cendiisque
559 599 664 636 urbis
696 606 733 636 et
772 597 1081 636 commutatione
1115 605 1235 636 status
1269 597 1416 647 publici
1450 596 1621 647 pericula

295 663 484 712 exposuit,
521 663 573 701 ita
610 663 781 701 consulis
815 662 999 700 uirtutem
1036 662 1300 712 amplificauit,
1336 670 1378 700 ut
1416 662 1619 700 uniuersus

295 735 451 765 senatus
483 727 522 765 in
554 727 636 765 eius
671 726 904 765 sententiam
939 726 1115 764 transiret
1146 726 1619 775 animaduertendumque

294 790 333 828 in
367 804 445 837 eos,
475 804 574 840 quos
605 790 877 840 praediximus,
909 798 1084 828 censeret
1118 790 1319 840 maiorque
1352 804 1438 840 pars
1473 791 1618 829 ordinis

256 854 375 898 5eius
415 856 608 894 Catonem
647 862 974 904 prosequerentur
1011 856 1186 893 domum.
1254 862 1293 892 at
1332 855 1500 894 Catilina
1538 869 1617 894 non

293 919 448 968 segnius
469 926 610 957 conata
630 918 737 965 obiit,
761 932 879 969 quarn
900 919 1054 957 sceleris
1075 918 1246 957 conandi
1269 919 1432 957 consilia
1458 919 1616 957 inierat:

293 982 440 1032 quippe
453 983 661 1021 fortissime
674 982 877 1030 dimicans,
893 996 1011 1033 quern
1028 984 1216 1022 debuerat
1232 983 1424 1033 supplicio
1441 983 1617 1033 spiritum

293 1047 473 1085 reddidit.

220 1115 274 1160 36
347 1112 580 1151 Consulatui
596 1112 798 1152 Ciceronis
819 1126 898 1151 non
920 1112 1117 1151 mediocre
1137 1112 1279 1151 adiecit
1295 1114 1415 1151 decus
1436 1120 1549 1151 natus
1570 1126 1617 1151 eo

291 1189 397 1214 anno
411 1176 526 1215 diuus
539 1179 739 1226 Augustus
752 1177 897 1215 abhinc
910 1190 1034 1215 annos
1045 1178 1230 1223 †Lxxxn,
1240 1177 1423 1215 omnibus
1438 1177 1615 1215 omnium

255 1257 269 1278 2
290 1241 465 1290 gentium
489 1241 580 1279 uiris
607 1241 876 1291 magnitudine
903 1255 972 1279 sua
1002 1241 1231 1280 inducturus
1263 1241 1478 1291 caliginem.
1538 1241 1615 1279 iam
1659 1257 1673 1286 ,-

290 1319 415 1355 paene
436 1320 771 1356 superuacaneum
792 1306 916 1345 uideri
936 1313 1065 1356 potest
1092 1306 1348 1344 eminentium
1370 1306 1614 1356 ingeniorum

289 1379 424 1410 notare
462 1379 648 1421 tempora.
721 1372 807 1422 quis
846 1371 951 1410 enim
990 1371 1140 1421 ignorat
1179 1371 1393 1421 diremptos
1431 1371 1614 1421 gradibus

288 1436 424 1474 aetatis
440 1436 616 1475 floruisse
632 1438 708 1475 hoc
724 1444 900 1486 tempore
917 1436 1161 1483 Ciceronem,
1182 1435 1452 1482 Hortensium,
1474 1441 1494 1474 †
1509 1449 1616 1474 sane-

288 1513 365 1549 que
392 1501 589 1548 Crassum,
614 1502 856 1548 †Catonem,
885 1500 1113 1550 Sulpicium,
1145 1514 1315 1550 moxque
1346 1502 1521 1547 Brutum,
1545 1502 1616 1539 Ca-

287 1565 437 1612 lidium,
461 1565 651 1613 Caelium,
681 1567 849 1605 Caluum
876 1573 914 1604 et
940 1565 1160 1615 proximum
1192 1565 1375 1604 Ciceroni
1406 1566 1614 1604 Caesarem

287 1643 502 1680 eorumque
523 1632 630 1668 uelut
650 1632 830 1669 alumnos
852 1630 1070 1670 Coruinum
1096 1643 1142 1668 ac
1169 1629 1389 1668 Pollionem
1418 1629 1611 1675 Asinium,

286 1696 565 1744 aemulumque
586 1694 831 1744 Thucydidis
852 1694 1089 1741 Sallustium,
1111 1701 1369 1744 auctoresque
1396 1694 1612 1732 carminum

285 1758 503 1795 Varronem
527 1771 573 1795 ac
602 1757 826 1795 Lucretium
859 1771 988 1808 neque
1018 1759 1098 1796 ullo
1125 1757 1165 1795 in
1196 1757 1366 1807 suscepti
1398 1757 1525 1807 operis
1555 1757 1614 1795 sui

328 1882 341 1901 1
368 1882 456 1911 pene
473 1871 506 1901 A
656 1882 675 1902 2
701 1872 827 1911 ingenii
844 1872 915 1902 ΑΡ
999 1883 1039 1903 eo
1057 1872 1211 1912 Lipsius:
1235 1876 1268 1902 et
1284 1871 1355 1902 ΑΡ
1493 1883 1514 1912 3
1537 1883 1613 1903 sua-

282 1916 434 1946 dentium
446 1916 501 1953 bis,
518 1925 607 1945 eraso
629 1916 809 1955 postem'ore,
825 1915 858 1945 A
991 1927 1012 1956 4
1029 1916 1096 1955 inp.
1108 1915 1141 1944 A
1276 1925 1294 1954 5
1320 1922 1406 1946 com.
1424 1915 1458 1944 A
1592 1918 1613 1946 6

281 1959 429 1989 consulis
450 1959 618 1989 Gelenius:
643 1959 780 1989 consilis
797 1959 849 1989 B:
875 1959 1007 1989 consilii
1022 1958 1094 1988 ΑΡ
1178 1969 1199 1998 9
1219 1958 1421 1989 Ciceronem
1438 1959 1615 2000 Holtz'ngcr

281 2012 349 2032 non
360 2002 497 2041 segnius
515 2012 580 2033 om,
599 2002 633 2032 in
650 2005 745 2041 textu,
766 2002 840 2032 add.
859 2003 892 2032 in
911 2013 1017 2043 marg.
1033 2002 1066 2031 A
1219 2012 1256 2032 10
1279 2006 1400 2032 conata
1418 2002 1590 2032 Am'dalius
1605 2015 1611 2033 :

280 2050 359 2076 nota
376 2046 425 2075 B:
449 2050 528 2075 uota
544 2044 615 2074 ΑΡ
704 2046 865 2076 intererat
882 2045 914 2075 A
1045 2055 1080 2075 11
1106 2055 1138 2084 q.
1157 2045 1230 2076 deb.
1250 2056 1346 2085 supp.
1366 2046 1445 2085 spir.
1466 2047 1612 2077 reddidit

278 2089 410 2129 sempsit
448 2099 548 2128 quem
579 2099 628 2128 sp.
657 2089 818 2128 supplitio
851 2089 1013 2120 debuerat
1045 2089 1191 2119 reddidit
1222 2089 1254 2118 A
1273 2100 1279 2118 ε
1319 2099 1418 2128 quem
1449 2099 1498 2128 sp.
1533 2099 1608 2128 sup-

279 2132 380 2172 plicio
405 2132 568 2163 debuerat
599 2132 766 2172 supplicio
795 2133 938 2163 reddidit
966 2132 1000 2162 P
1208 2142 1244 2171 13
1270 2133 1311 2162 de
1340 2133 1412 2162 eius
1440 2133 1509 2170 del„
1539 2133 1609 2163 dein

277 2181 436 2215 suprascr.
458 2176 560 2206 decus
573 2175 606 2204 A
701 2186 738 2214 14
757 2186 899 2206 Lxxxxn
914 2175 1026 2206 Aldus
1117 2185 1153 2214 17
1172 2176 1321 2214 direptos
1334 2176 1365 2205 A
1384 2188 1391 2206 τ
1415 2176 1564 2215 direptos
1578 2176 1610 2206 Β

280 2219 319 2248 18
344 2229 492 2258 saneque
517 2218 605 2248 AP:
641 2223 785 2258 anteque
808 2220 855 2251 ed.
881 2220 1025 2259 Bipont:
1056 2218 1242 2249 Antonium
1266 2219 1397 2250 Aldus:
1422 2220 1503 2259 soff.
1529 2225 1607 2250 ante

277 2263 408 2302 hosque
433 2263 484 2292 uel
498 2264 626 2301 hosque
644 2268 743 2294 ante:
770 2263 864 2292 uerba
880 2273 1030 2301 saneque
1047 2263 1207 2292 Crassum
1233 2263 1397 2293 Catonem
1421 2263 1607 2301 Sulpicium

277 2306 470 2346 interpolata
493 2306 647 2336 iudicauit
669 2305 786 2336 Nova‘k
807 2317 880 2336 cnm
905 2307 972 2336 iam
996 2316 1026 2344 9.
1052 2317 1071 2336 2
1096 2305 1208 2336 Crassi
1226 2306 1410 2346 Sulpicique
1433 2307 1543 2336 iniecta
1565 2307 1607 2336 sit

278 2350 396 2379 mentio
425 2360 479 2380 nec
494 2349 701 2389 probabiliter*
720 2350 805 2379 inter
827 2350 972 2388 aequalis
999 2350 1140 2379 omissus
1162 2349 1204 2378 sit
1227 2349 1397 2379 Antonius
1568 2359 1606 2388 19

276 2393 440 2423 Catonem
463 2392 552 2423 AP:
577 2393 712 2423 Cottam
729 2392 842 2423 Aldus
987 2402 1028 2422 22
1053 2393 1235 2423 Salustium
1253 2392 1331 2432 AF,
1350 2392 1408 2422 sed
1424 2403 1503 2422 mox
1523 2392 1602 2423 Sall.

275 2435 308 2464 A
437 2446 478 2474 23
501 2436 650 2475 suscepti
667 2436 820 2476 Lipsius:
845 2436 995 2475 suspecti
1012 2435 1100 2466 AP:
1126 2435 1310 2475 insuspecti
1327 2436 1372 2467 A.
1391 2435 1529 2466 Palmer
1549 2437 1607 2466 uix

272 2479 480 2519 probabiliter

915 2599 957 2631 54

1642 933 1679 953 10

1637 1585 1675 1607 20
