1799 2864
111 935 150 957 10

108 1258 146 1289 15

713 232 882 269 LIBER
913 232 954 268 II

170 351 317 391 partem
352 350 586 390 tractumque
615 354 773 379 omnem
806 340 954 378 Galliae
992 340 1278 389 prouinciarum
1318 349 1488 379 ueterem

170 407 439 456 imperatorem
474 414 511 443 et
548 413 638 443 ante
676 404 820 442 meritis
858 418 903 442 ac
937 404 1143 442 uirtutibus
1177 418 1293 454 quam
1328 405 1488 443 nomine

170 473 375 510 Caesarem
410 469 621 508 reuisentes
655 469 727 507 sibi
762 468 927 518 quisque
961 482 1078 518 quam
1118 468 1171 505 illi
1208 470 1488 517 gratularentur

169 535 329 584 plenius.
401 541 439 571 at
472 546 565 571 uero
599 532 765 570 militurn
801 540 1013 581 conspectu
1048 532 1129 570 eius
1164 532 1314 570 elicitae
1344 532 1487 581 gaudio
1507 546 1525 573 4

169 599 348 636 lacrimae
367 598 620 647 alacritasque
641 606 678 635 et
699 597 940 635 salutationis
962 610 1065 635 noua
1085 598 1278 646 quaedam
1304 597 1487 635 exultatio

167 671 204 700 et
225 661 476 711 contingendi
498 675 657 699 manum
679 661 870 710 cupiditas
898 674 977 698 non
1003 660 1287 698 continentium
1312 660 1487 710 protinus

167 726 261 776 quin
281 726 490 772 adicerent,
510 730 518 745 ‘
532 725 712 764 uidemus
729 734 776 772 te,
794 725 1003 775 imperator
1018 727 1034 763 ?
1063 727 1214 763 saluum
1232 725 1438 775 recipimus
1451 727 1488 763 ?'

166 804 211 828 ac
232 791 375 829 deinde
398 794 406 810 ‘
420 804 491 840 ego
512 799 653 836 tecum,
676 790 894 840 imperator,
917 790 956 828 in
978 790 1174 836 Armenia,
1197 803 1268 840 ego
1289 790 1328 827 in
1351 790 1489 828 Raetia

168 855 232 901 fui,
264 868 336 904 ego
365 868 387 892 a
416 863 453 892 te
482 854 521 892 in
551 854 777 901 Vindelicis,
809 868 880 904 ego
911 854 949 891 in
980 854 1193 900 Pannonia,
1226 868 1298 903 ego
1327 854 1365 892 in
1399 856 1490 893 Ger-

168 918 297 956 mania
323 920 491 957 donatus
521 920 631 965 sum,’
663 932 790 968 neque
820 918 948 956 uerbis
978 918 1139 968 exprimi
1169 926 1206 956 et
1235 920 1396 957 fortasse
1426 920 1489 957 uix

167 983 303 1021 mereri
324 984 442 1021 fidem
463 991 600 1033 potest.

220 1049 366 1085 Intrata
386 1047 561 1096 protinus
583 1047 803 1094 Germania,
826 1047 976 1085 subacti
998 1047 1287 1095 Canninefates,
1307 1049 1484 1096 Attuarii,
1509 1061 1580 1098 105

167 1112 350 1159 Bructeri,
369 1111 513 1161 recepti
529 1112 728 1159 Cherusci,
748 1117 768 1151 †
781 1112 906 1161 gentis
927 1112 1075 1150 utinam
1097 1112 1225 1151 minus
1247 1126 1337 1151 mox
1358 1122 1489 1152 nostra

167 1178 276 1215 clade
311 1176 463 1223 nobilis,
500 1177 681 1215 transitus
715 1177 900 1226 Visurgis,
937 1185 1137 1226 penetrata
1171 1177 1361 1225 ulteriora,
1398 1193 1487 1217 cum

167 1254 325 1278 omnem
364 1249 511 1290 partem
550 1241 748 1290 asperrimi
787 1249 824 1279 et
862 1241 1177 1290 periculosissimi
1216 1242 1307 1280 belli
1347 1244 1490 1281 Caesar

166 1304 391 1352 uindicaret,
416 1304 487 1357 [in]
510 1305 565 1351 iis,
592 1319 692 1355 quae
720 1305 878 1343 minoris
906 1314 1013 1344 erant
1040 1305 1284 1353 discriminis,
1311 1307 1486 1345 Sentium

165 1369 427 1416 Saturninum,
451 1370 516 1420 qui
538 1379 620 1408 tum
642 1372 789 1420 legatus
811 1370 927 1420 patris
949 1370 1030 1408 eius
1055 1370 1094 1408 in
1116 1371 1326 1409 Germania
1352 1373 1485 1418 fuerat,

165 1434 421 1483 praefecisset,
462 1435 588 1472 uirum
634 1435 889 1484 multiplicem
931 1434 1002 1487 [in]
1043 1435 1261 1483 uirtutibus,
1301 1450 1484 1486 gnauum,
1509 1452 1523 1472 2

163 1499 314 1548 agilem,
350 1499 558 1548 prouidum
594 1499 896 1550 militariumque
935 1500 1151 1538 officiorum
1191 1500 1403 1550 patientem
1441 1515 1487 1539 ac

106 1583 120 1603 2
163 1563 328 1612 peritum
359 1563 508 1612 pariter,
541 1565 609 1602 sed
641 1565 823 1610 eundem,
857 1564 924 1601 ubi
956 1564 1111 1613 negotia
1142 1564 1324 1602 fecissent
1355 1567 1485 1603 locum

163 1627 253 1673 otio,
286 1627 492 1665 liberaliter
520 1629 702 1677 lauteque
732 1641 779 1665 eo
808 1628 1047 1674 abutentem,
1077 1627 1129 1665 ita
1158 1636 1300 1675 tamen,
1324 1637 1365 1666 ut
1395 1643 1484 1667 eum

162 1691 411 1741 splendidum
428 1700 493 1729 aut
509 1691 669 1730 hilarem
687 1692 815 1741 potius
832 1706 949 1742 quam
972 1692 1210 1730 luxuriosum
1227 1702 1293 1731 aut
1309 1693 1485 1733 desidem

208 1804 220 1823 1
248 1799 426 1833 tractumq.
447 1794 600 1826 Cludius:
630 1799 772 1825 tractum
789 1795 860 1824 AP
988 1805 1006 1825 2
1031 1794 1212 1825 uirtutibus
1229 1794 1382 1834 Lipsius:
1410 1796 1487 1825 uiri-

162 1837 223 1867 bus
240 1837 310 1866 AP
369 1848 388 1875 3
413 1838 520 1876 quisq.
539 1848 638 1876 quam
656 1838 707 1868 P:
730 1839 906 1877 quisquam
923 1838 955 1867 A
1055 1849 1074 1876 4
1098 1842 1131 1868 at
1148 1848 1213 1868 om.
1232 1838 1264 1867 A
1356 1839 1487 1869 elicitae

161 1880 213 1911 P:
252 1881 410 1910 felicitate
434 1881 466 1910 A
536 1890 555 1919 5
580 1881 772 1920 lachrymae
796 1881 830 1911 P
916 1891 932 1919 7
957 1881 1140 1911 adiicerent
1164 1881 1242 1919 ΑΡ,
1263 1881 1352 1921 quod
1371 1883 1492 1912 correxi

164 1924 351 1962 recepimus
368 1923 400 1953 P
553 1934 590 1954 12
631 1925 768 1954 subacta
784 1925 816 1953 A
887 1935 958 1954 cam
976 1925 1007 1954 ui
1025 1924 1123 1954 faciat
1139 1924 1238 1954 Tuari
1258 1925 1411 1955 Bruoteri
1428 1926 1461 1955 A
1479 1937 1486 1955 z

162 1967 360 2001 Caninistaci,
374 1967 506 1997 Attuari
520 1968 654 1998 Bruteri
664 1968 712 1998 P:
737 1974 743 1984 ⁵
754 1969 798 1997 sic
813 1969 903 2007 leges,
916 1968 1132 1998 Caninefates
1145 1968 1295 1998 Cattuari
1311 1968 1465 1999 Bructeri
1478 1968 1486 1980 '

163 2010 344 2040 Rhenanus
478 2021 515 2049 13
540 2011 699 2041 Cherusci
732 2011 782 2042 P:
822 2011 973 2041 Ceruisci
1004 2011 1036 2040 A
1128 2012 1239 2049 gentis
1269 2013 1349 2050 (-tes
1377 2011 1421 2050 Pl)
1452 2018 1485 2043 et

163 2053 362 2083 inamminus
389 2053 475 2085 AB:
509 2059 542 2084 et
568 2055 779 2084 *inamninus
803 2054 854 2085 P:
890 2059 921 2085 et
949 2055 1074 2085 utinam
1099 2056 1207 2084 minus
1230 2065 1270 2084 m.
1296 2065 1328 2084 n.
1351 2065 1376 2084 c.
1396 2065 1439 2092 n„
1463 2060 1484 2085 t.

161 2097 313 2134 Visurgis
335 2097 431 2127 Voss:
457 2102 577 2135 gentes
595 2098 719 2128 utinam
738 2099 848 2127 minus
865 2109 908 2129 m.
926 2109 957 2128 n.
977 2108 1003 2129 c.
1023 2098 1153 2128 nobiles
1175 2098 1294 2127 Frc'ebel
1313 2097 1482 2138 Satyrogr.

165 2139 304 2170 Graecor.
319 2140 497 2180 Fragm.p.
516 2150 570 2178 151
587 2141 698 2180 (1837)
717 2153 723 2171 :
747 2151 831 2179 gens
848 2142 973 2171 utinam
988 2152 1028 2171 m.
1043 2141 1189 2171 Fro'lzliclz
1203 2153 1209 2172 ς
1225 2141 1367 2179 fortasse
1378 2152 1484 2179 genus

189 2207 196 2213 .
216 2207 224 2214 .
245 2184 355 2212 nobile
373 2184 402 2214 lt.
419 2194 442 2214 e.
461 2189 467 2198 ⁵
481 2195 501 2214 a
516 2185 611 2221 stock‚
629 2184 737 2215 breed)
832 2195 869 2223 14
893 2185 1033 2215 transitu
1050 2184 1120 2214 ΑΡ
1182 2184 1332 2223 Viturgis
1349 2185 1395 2221 A,
1414 2189 1485 2215 lesse

161 2227 305 2256 Feclztero
439 2229 478 2257 16
501 2228 532 2257 in
551 2227 626 2264 ΑΡ,
646 2239 714 2258 om.
731 2228 870 2267 Krause,
890 2228 988 2258 Herel
1107 2238 1143 2266 17
1170 2226 1255 2266 tum]
1274 2228 1337 2257 iam
1358 2226 1488 2258 Gruner

165 2270 202 2299 18
227 2271 258 2299 in
285 2270 460 2300 uirtutibus
485 2270 572 2301 AP:
607 2271 640 2301 in
665 2271 722 2302 del.
749 2271 990 2310 Rapltelengius
1107 2281 1228 2300 nauum
1245 2271 1278 2300 P
1444 2281 1483 2311 19

162 2313 348 2351 pacientem
374 2314 406 2342 A
604 2324 646 2344 20
663 2318 740 2354 post
762 2314 870 2344 locum
895 2315 1033 2344 deletum
1058 2318 1103 2344 est
1123 2315 1155 2344 in
1177 2314 1209 2343 A
1244 2314 1284 2343 δεῖ
1301 2314 1483 2345 liberaliter

161 2366 198 2385 21
226 2367 266 2386 eo
284 2367 346 2387 om.
367 2357 398 2385 A
534 2368 574 2387 22
598 2363 654 2388 aut
671 2358 811 2388 hilarem
829 2357 991 2388 Ruhnken
1008 2370 1015 2388 ε
1042 2358 1190 2388 Athilam
1208 2357 1239 2386 A
1258 2368 1264 2387 τ
1288 2368 1325 2387 ac
1344 2357 1481 2387 hilarem

160 2398 208 2430 P:
240 2404 340 2438 atque
365 2400 395 2429 h.
425 2399 523 2429 Orelli
713 2401 918 2431 Audesidem
942 2401 998 2432 A:
1032 2407 1086 2431 aut
1107 2401 1256 2431 desidem
1279 2400 1326 2432 P:
1355 2411 1393 2431 ac
1411 2401 1481 2432 des.

161 2442 269 2472 Halm

782 2546 840 2577 ¹15
1273 2528 1319 2566 8*
