1799 2864
130 603 146 634 5

111 925 149 947 10

114 1247 148 1277 Ῑ5

111 1573 152 1594 20

719 215 889 253 LIBER
920 216 939 253 I

168 328 359 379 impedire
391 328 669 368 obniterentur.
729 328 839 366 cuius
870 335 1021 366 tantum
1056 327 1202 377 priores
1234 328 1397 366 excessit
1429 330 1490 366 uel

169 393 438 443 magnitudine
458 392 556 442 regis
584 392 714 431 Persei
734 394 797 430 uel
818 392 949 442 specie
969 392 1265 431 simulacrorum
1286 394 1349 431 uel
1370 395 1491 431 modo

168 456 369 505 pecuniae,
400 463 453 502 ut,
485 456 544 494 bis
576 455 729 494 miliens
761 456 937 494 centiens
971 455 1191 494 sestertium
1225 456 1373 494 aerario
1403 470 1492 494 con-

170 520 299 558 tulerit
352 519 384 558 is
442 527 480 558 et
529 518 740 572 [omnium]
789 527 880 558 ante
931 528 1108 558 actorum
1157 520 1491 569 comparationem

166 584 424 633 amplitudine
443 584 589 623 uicerit.

221 651 294 687 Per
314 649 419 688 idem
439 657 606 700 tempus,
629 664 719 689 cum
740 650 961 689 Antiochus
982 650 1221 700 Epiphanes,
1239 649 1307 699 qui
1328 650 1493 688 Athenis

168 714 420 764 Olympieum
446 715 658 762 inchoauit‚
694 719 819 755 †cum
850 729 981 765 regem
1012 715 1143 765 Syriae
1156 719 1189 762 †‚
1223 716 1492 753 Ptolemaeum

167 792 332 828 puerum
362 780 621 819 Alexandriae
650 780 858 828 obsideret,
888 781 1029 819 missus
1058 789 1116 819 est
1144 782 1195 819 ad
1225 794 1315 819 eum
1345 782 1493 830 legatus

1512 662 1557 689 10

170 845 225 882 M.
250 845 424 894 Popilius
456 847 618 893 Laenas,
641 846 708 895 qui
729 846 879 884 iuberet
900 846 1059 896 incepto
1079 845 1276 884 desistere.
1336 847 1495 883 manda·
1516 867 1528 885 2

168 916 277 958 taque
314 917 356 947 ut
394 910 572 959 exposuit
606 924 736 960 regem
768 911 1073 949 deliberaturum
1112 924 1153 949 se
1191 910 1389 949 dicentem
1428 911 1495 948 cir-

168 974 413 1024 cumscripsit
433 975 583 1024 uirgula
602 975 791 1025 iussitque
806 976 911 1025 prius
931 989 1163 1025 responsum
1184 977 1357 1022 reddere,
1376 988 1494 1025 quam

168 1040 414 1088 egrederetur
433 1039 544 1078 finito
564 1041 733 1078 harenae
753 1040 909 1079 circulo.
969 1041 1024 1079 sic
1044 1040 1323 1090 cogitationem
1350 1040 1493 1089 regiam

170 1104 352 1142 Romana
373 1104 524 1143 disiecit
554 1105 774 1143 constantia
794 1105 1106 1155 oboeditumque
1135 1105 1309 1155 imperio.
1370 1105 1494 1143 Lucio

168 1175 300 1206 autem
322 1170 444 1207 Paulo
466 1183 630 1219 magnae
656 1170 842 1209 uictoriae
863 1171 1038 1220 compoti
1067 1178 1251 1220 quattuor
1277 1170 1345 1208 filii
1364 1171 1470 1208 fuere
1490 1186 1495 1207 z

170 1246 216 1270 ex
249 1233 294 1271 iis
330 1235 429 1272 duos
464 1242 558 1272 natu
592 1235 770 1282 maiores,
806 1249 929 1273 unum
960 1237 1000 1273 P.
1039 1235 1213 1285 Scipioni
1243 1237 1284 1273 P.
1321 1235 1493 1273 Africani

170 1297 261 1344 filio,
298 1298 394 1336 nihil
428 1312 474 1337 ex
507 1307 668 1348 paterna
699 1300 900 1338 maiestate
933 1308 1084 1350 praeter
1117 1300 1289 1350 speciem
1323 1300 1494 1338 nominis

170 1361 424 1413 uigoremque
458 1365 705 1413 eloquentiae
736 1365 928 1412 retinenti,
962 1365 1001 1403 in
1034 1365 1291 1414 adoptionem
1321 1366 1492 1406 dederat,

169 1428 333 1466 alterurn
349 1429 471 1467 Fabio
487 1429 673 1468 Maximo.
714 1431 814 1468 duos
830 1430 1000 1468 minores
1017 1438 1110 1468 natu
1126 1437 1397 1479 praetextatos,
1415 1443 1494 1479 quo

171 1500 347 1542 ternpore
367 1494 570 1532 uictoriam
591 1496 757 1544 adeptus
778 1502 846 1541 est,
869 1495 1015 1533 habuit.
1075 1495 1106 1533 is
1131 1508 1221 1533 curn
1245 1495 1285 1532 in
1309 1494 1494 1533 contione

170 1565 275 1596 extra
308 1559 445 1597 urbem
480 1573 588 1597 more
619 1560 810 1598 maiorum
842 1567 932 1598 ante
965 1559 1151 1609 triumphi
1180 1559 1285 1597 diem
1316 1559 1494 1598 ordinem

169 1630 345 1662 actorum
378 1637 537 1662 suorum
567 1632 904 1672 commemoraret,
935 1626 1032 1663 deos
1066 1624 1282 1662 inmortalis
1316 1632 1494 1673 precatus

169 1696 237 1735 est,
260 1696 313 1735 ut,
336 1688 367 1727 si
396 1689 483 1738 quis
507 1703 643 1728 eorum
672 1689 865 1729 inuideret
894 1689 1078 1740 operibus
1107 1703 1153 1728 ac
1182 1691 1360 1728 fortunae
1390 1703 1493 1735 suae,

214 1802 227 1821 1
254 1792 487 1824 adniterentur
502 1793 675 1824 Acidalius
755 1793 922 1825 inuidiose
944 1793 1083 1824 malebat
1097 1792 1229 1824 Scrz'ner
1326 1804 1408 1822 uum
1434 1804 1496 1832 per

169 1835 350 1867 inuidiam?
448 1837 570 1876 prioris
587 1838 644 1867 A:
670 1837 813 1876 prioreis
830 1837 864 1867 P
962 1847 982 1876 3
1006 1837 1055 1867 bis
1081 1837 1188 1867 milies
1206 1836 1335 1867 centies
1358 1836 1440 1867 S—H
1466 1837 1498 1865 P

170 1879 350 1910 contulerit
371 1880 424 1910 his
446 1885 479 1910 et
501 1881 579 1919 ΑΡ,
602 1891 680 1912 corr.
704 1880 877 1921 Sclzoepfer
889 1884 918 1910 et
933 1885 1009 1921 post
1027 1891 1102 1911 eum
1124 1880 1289 1910 Thomas:
1318 1880 1368 1910 bis
1386 1880 1495 1910 milies

170 1923 299 1953 centies
315 1924 445 1954 aerario
463 1925 642 1955 contulerit
660 1924 722 1955 HS
740 1929 775 1955 ut
791 1925 976 1954 Mommsen
1062 1935 1081 1963 4
1105 1924 1252 1954 omnium
1269 1935 1332 1954 om.
1351 1924 1383 1954 A
1475 1926 1495 1952 6

171 1966 414 2006 Epyphanesq.
430 1978 497 2006 qua
513 1968 659 1998 Athenis
678 1967 749 2007 (sic)
768 1968 800 1998 A
820 1967 877 1998 sed
886 1967 981 2008 prius
996 1968 1176 2006 quathenis
1300 1978 1316 2006 7
1342 1968 1494 2007 Olympi-

170 2020 244 2040 cum
271 2010 348 2049 AP,
376 2021 438 2042 em.
462 2011 611 2051 Sylburg
711 2012 830 2042 tumP
929 2022 990 2042 rex
1015 2011 1150 2042 Aldus:
1184 2011 1321 2041 rediens
1349 2021 1367 2041 e
1396 2011 1495 2049 Syria

175 2053 395 2084 Warburlon:
431 2054 551 2094 Syriae
575 2065 636 2085 rex
659 2065 773 2093 regem
796 2054 927 2085 Scriner
1056 2055 1199 2085 Ptolom.
1224 2054 1275 2084 ln'c
1292 2054 1494 2084 scn'bendmn

171 2100 271 2127 censet
297 2097 441 2127 Thomas
466 2109 540 2128 cum
565 2099 611 2129 sic
632 2100 786 2138 scriptam
810 2100 851 2128 sz't
871 2099 904 2128 in
920 2098 953 2128 A
969 2098 1001 2129 ii.
1025 2108 1075 2137 45.
1098 2110 1127 2137 4,
1152 2108 1202 2138 53.
1234 2108 1247 2128 1
1382 2108 1403 2136 9
1432 2097 1493 2137 M]

171 2141 274 2170 immo
301 2141 340 2172 C.
465 2142 689 2181 mandataque
718 2147 754 2172 ut
782 2142 937 2181 exposuit
963 2141 1099 2172 Haase:
1133 2152 1174 2173 m.
1204 2152 1281 2180 exp.
1311 2146 1346 2172 ut
1376 2146 1423 2176 ret
1449 2141 1494 2181 P)

170 2184 240 2214 AF
349 2194 388 2214 12
411 2186 657 2216 cunctationem
668 2185 842 2216 Acidalius
954 2195 992 2224 13
1013 2186 1251 2224 obeditumque
1267 2185 1301 2215 P
1396 2185 1494 2214 Lutio

170 2227 203 2257 A
311 2239 377 2258 non
393 2228 469 2258 bene
486 2229 651 2259 cohaerent
665 2229 742 2259 llaec
757 2240 830 2259 cum
844 2228 1110 2270 praecedentibus,
1129 2233 1158 2259 et
1175 2228 1335 2259 uomzzdla
1351 2228 1497 2258 ercidzssssc

171 2271 317 2312 suspicor
421 2281 459 2310 14
483 2282 624 2311 magnae
639 2273 726 2303 AF:
752 2272 991 2303 Macedonicae
1004 2272 1169 2303 Ruhnken
1248 2276 1402 2310 compote
1414 2271 1491 2305 ΑΡ,

171 2325 232 2345 em.
260 2315 408 2346 Gelenius
495 2316 686 2354 quatuorP
807 2325 845 2355 15
869 2317 953 2346 duos
969 2316 1020 2346 P:
1044 2317 1109 2346 duo
1126 2316 1158 2345 A
1286 2316 1325 2344 16
1350 2315 1494 2345 nominis

169 2357 225 2388 sui
242 2359 301 2397 (sic
314 2359 364 2398 A)
457 2368 494 2398 17
514 2360 724 2390 retinentem
740 2359 900 2390 retinenti
915 2360 948 2389 A
970 2360 1041 2399 (sic)
1135 2361 1173 2390 18
1198 2359 1281 2389 duos
1297 2358 1367 2388 ΑΡ
1456 2369 1494 2397 19

172 2402 260 2431 dorni
277 2402 391 2433 habuit
403 2402 569 2433 Ruhnken
647 2403 750 2434 Istum
764 2403 796 2433 in
809 2403 842 2432 A
961 2413 1003 2434 20
1019 2408 1098 2433 ante
1115 2403 1318 2442 triumphum
1334 2401 1496 2441 trium-phi

173 2445 245 2485 (sic)
265 2446 352 2476 diem
368 2446 401 2476 A
420 2457 427 2476 2
450 2457 478 2477 a.
499 2446 655 2486 triumphi
674 2447 761 2477 diem
779 2446 812 2477 P
876 2447 909 2476 in
926 2447 1078 2477 ordinem
1095 2447 1128 2476 A
1235 2456 1272 2476 21
1293 2450 1441 2477 actorum
1466 2456 1492 2477 s.

171 2489 237 2519 BA
257 2500 264 2520 :
288 2499 423 2520 suorum
441 2500 470 2521 a.
487 2489 521 2520 P
606 2490 695 2522 imm.
711 2489 764 2522 P:
786 2494 841 2521 im.
858 2491 891 2520 A

820 2551 839 2583 9

1513 1508 1534 1536 4
