1799 2864
148 584 165 615 5

126 911 165 932 10

121 1558 160 1578 20

728 209 897 246 LIBER
928 210 970 247 II

187 318 341 369 legendi
361 332 489 368 neque
508 331 640 357 amore
659 318 713 356 rei
739 318 920 367 publicae
949 328 1016 356 aut
1037 319 1223 366 Caesaris,
1247 320 1392 370 quippe
1413 322 1509 359 haec

187 396 339 433 semper
358 383 622 432 impugnabat,
645 384 714 420 sed
735 383 873 420 morbo
894 382 1078 431 proditor,
1101 397 1192 421 curn
1216 384 1351 422 fuisset
1371 385 1508 422 humil-

186 447 300 486 limus
320 449 543 486 adsentator
562 447 717 496 reginae
736 455 774 485 et
798 447 895 484 infra
921 460 1054 485 seruos
1084 447 1216 494 cliens,
1239 462 1328 486 cum
1359 449 1507 487 Antoni

186 511 371 558 librarius,
393 525 483 549 cum
510 510 877 549 obscenissimarum
903 525 1029 549 rerum
1051 519 1089 549 et
1107 520 1243 550 auctor
1263 520 1300 550 et
1321 513 1504 560 minister,

185 575 333 613 cumin
361 575 493 613 omnia
521 583 559 613 et
590 574 662 627 [in]
684 575 867 613 omnibus
897 575 1056 622 uenalis,
1079 589 1170 614 curn
1200 578 1438 615 caeruleatus
1469 585 1506 615 et
1529 594 1542 614 ε

185 641 313 678 nudus
352 648 547 689 caputque
585 639 786 678 redimitus
824 639 1015 678 arundine
1053 648 1091 677 et
1132 642 1299 678 caudam
1338 642 1504 687 trahens,

182 702 346 752 genibus
376 703 530 741 innixus
560 705 754 742 Glaucum
784 705 960 741 saltasset
986 704 1025 741 in
1046 704 1243 751 conuiuio,
1266 704 1507 754 refrigeratus

181 767 232 805 ab
252 767 428 806 Antonio
449 769 501 806 ob
516 768 807 806 manifestarum
828 768 1049 818 rapinarum
1070 769 1214 807 indicia
1235 769 1436 819 transfugit
1456 771 1505 808 ad

184 832 415 870 Caesarem:
463 840 501 870 et
532 832 637 870 idem
671 840 808 882 postea
845 832 1093 870 clementiam
1133 833 1290 871 uictoris
1329 847 1399 883 pro
1437 848 1506 872 sua

184 895 325 934 uirtute
345 896 677 946 interpretabatur,
700 896 882 935 dictitans
903 896 943 935 id
969 897 1177 946 probatum
1201 911 1223 935 a
1244 899 1420 945 Caesare,
1445 899 1507 936 cui

181 959 245 998 ille
265 960 490 1010 ignouerat3
519 962 624 999 hunc
644 969 774 999 autem
803 975 893 1000 mox
921 964 1160 1000 auunculum
1182 962 1308 1000 Titius
1335 963 1507 1001 imitatus

180 1033 247 1062 est.
307 1026 412 1063 haud
443 1026 611 1064 absurde
643 1025 858 1075 Coponius,
882 1025 941 1063 uir
966 1040 987 1064 e
1014 1026 1213 1076 praetoriis
1242 1027 1504 1076 grauissimus,
1527 1053 1544 1071 ,

180 1098 288 1137 pater
310 1103 327 1123 ³1<
352 1089 419 1127 Sili
449 1103 569 1137 socer,
601 1104 691 1128 cum
722 1104 856 1128 recens
884 1092 1080 1140 transfuga
1109 1093 1231 1129 multa
1260 1105 1306 1129 ac
1336 1094 1506 1131 nefanda

182 1154 348 1191 Plancus
375 1154 527 1192 absenti
558 1154 733 1193 Antonio
765 1154 804 1192 in
836 1163 972 1193 senatu
1005 1155 1187 1202 obiceret,
1210 1157 1342 1202 multa,
1366 1156 1502 1206 inquit,

182 1219 423 1256 mehercules
443 1219 534 1257 fecit
553 1219 749 1257 Antonius
770 1219 893 1269 pridie
914 1233 1031 1269 quam
1053 1228 1093 1257 tu
1114 1219 1222 1258 illum
1244 1220 1490 1270 relinqueres.

234 1283 400 1321 Caesare
421 1283 564 1322 deinde
585 1292 622 1321 et
644 1285 814 1322 Messala
830 1283 1005 1323 Coruino
1022 1284 1247 1322 consulibus
1265 1285 1503 1323 debellatum
1524 1287 1576 1334 84

179 1348 285 1395 apud
312 1347 482 1394 Actium,
511 1347 578 1386 ubi
606 1349 720 1397 longe
745 1356 836 1386 ante
863 1362 980 1397 quarn
1002 1348 1261 1395 dimicaretur,
1284 1350 1505 1398 exploratis-

180 1410 277 1449 sima
299 1412 536 1450 Iulianarum
557 1413 723 1462 partium
744 1412 815 1450 fuit
835 1412 1006 1451 uictoria.
1067 1413 1223 1462 uigebat
1243 1413 1282 1450 in
1304 1415 1376 1451 hac
1396 1422 1504 1464 parte

180 1475 290 1513 miles
327 1484 445 1525 atque
483 1476 701 1526 imperator,
741 1478 781 1515 in
820 1477 884 1514 illa
928 1477 1153 1515 marcebant
1199 1477 1355 1515 omnia:
1412 1478 1504 1516 hinc

179 1539 342 1589 remiges
370 1540 589 1588 firmissimi,
611 1541 717 1579 illinc
744 1541 875 1590 inopia
905 1541 1181 1579 adfectissimi:
1215 1542 1376 1579 nauium
1406 1544 1503 1580 haec

180 1604 408 1653 magnitudo
438 1605 594 1643 modica
623 1619 696 1643 nec
729 1605 913 1644 celeritati
946 1607 1121 1652 aduersa,
1157 1605 1222 1643 illa
1255 1606 1385 1655 specie
1416 1615 1453 1644 et
1483 1621 1502 1641 *

179 1668 404 1707 terribilior:
448 1670 539 1708 hinc
572 1672 622 1708 ad
656 1670 875 1708 Antonium
907 1684 1035 1716 nemo,
1073 1670 1178 1708 illinc
1211 1672 1262 1709 ad
1295 1672 1502 1710 Caesarem

179 1733 322 1772 cotidie
352 1734 491 1783 aliquis
527 1735 828 1784 transfugiebat;
870 1734 1041 1783 denique
1070 1734 1109 1772 in
1139 1748 1205 1773 ore
1234 1743 1351 1784 atque
1381 1735 1504 1773 oculis

223 1847 242 1866 2
266 1838 477 1875 impugnarat
489 1837 666 1867 Burmann
765 1848 784 1876 3
808 1837 1019 1867 AntoniAP
1083 1848 1102 1874 4
1120 1838 1457 1868 obscoenissimarum
1474 1838 1507 1868 P

180 1889 199 1918 5
222 1881 255 1910 in
273 1881 391 1910 delebat
408 1881 538 1920 Lipsius
662 1881 850 1911 ceruleatus
865 1880 937 1910 AF
1036 1881 1056 1910 8
1080 1881 1195 1911 inditia
1211 1881 1244 1911 A
1361 1892 1395 1911 11
1423 1892 1502 1911 mox

179 1929 289 1954 autem
320 1929 390 1961 [aut
415 1924 464 1957 A)
495 1925 584 1955 hune
610 1935 689 1954 mox
713 1936 740 1955 a.
765 1924 855 1955 BA:
887 1924 976 1954 hunc
1001 1935 1079 1954 mox
1102 1935 1131 1955 a.
1158 1924 1197 1959 P,
1221 1925 1349 1954 uidetur
1366 1936 1443 1954 mox
1462 1926 1506 1954 sic

179 1967 464 2005 exaratzcmsm‘sse
478 1968 512 1997 in
529 1967 636 1998 Mztrb.
657 1972 692 1998 nl
707 1969 920 2007 ambigcrelur
936 1968 992 1997 uhi
1005 1968 1224 1997 collocandum
1241 1972 1317 1998 esset
1398 1979 1503 1998 auun-

180 2010 290 2040 culum
324 2010 412 2040 AF:
462 2011 652 2041 uanilocum
687 2011 881 2041 Comelissen
897 2023 904 2041 z
938 2011 1021 2049 fors.
1051 2022 1088 2040 ac
1121 2016 1231 2041 tamen
1260 2012 1349 2041 hunc
1378 2022 1455 2041 mox
1473 2023 1502 2043 a.

181 2053 344 2084 M.Titius
375 2054 505 2092 Lipsius
638 2066 676 2084 12
701 2055 736 2086 C.
757 2055 928 2093 Coponius
953 2055 1108 2093 Kreyssig
1238 2056 1289 2085 uir
1314 2055 1339 2084 E
1368 2055 1429 2093 (·E-
1454 2055 1499 2093 Β)

180 2097 369 2135 praetorius
389 2097 475 2127 AB:
498 2098 549 2127 uir
561 2099 750 2137 praetorius
764 2098 814 2127 P:
839 2099 891 2127 uir
908 2108 926 2127 e
940 2099 1117 2136 praetoriis
1129 2097 1253 2137 Sclzegk
1343 2108 1380 2136 13
1406 2104 1503 2137 pater

181 2163 189 2170 .
207 2164 214 2171 .
234 2164 241 2170 .
262 2141 312 2170 sili
329 2141 459 2179 5(·›7y>sz':
488 2141 654 2171 Patersilii
672 2142 705 2171 A
723 2153 729 2172 :
758 2146 863 2181 pater,
885 2141 957 2171 Silii
974 2141 1024 2171 P:
1058 2142 1092 2171 P.
1113 2142 1186 2172 Silii
1206 2142 1353 2172 Gelenius
1465 2153 1500 2180 14

1372 2193 1403 2209 [ΙΓ

181 2216 329 2246 obiceret
345 2216 403 2246 A:
428 2216 589 2247 obiiceret
605 2217 638 2247 P
751 2219 790 2248 16
813 2218 902 2248 COS
918 2217 952 2247 A
970 2230 976 2248 ε
1012 2218 1127 2249 COSS
1144 2217 1178 2247 P
1304 2219 1343 2247 18
1367 2218 1502 2256 uigebat

179 2259 212 2289 A
234 2259 302 2297 (sic)
441 2270 478 2297 19
503 2261 593 2290 illam
616 2262 775 2291 arcebant
791 2261 882 2291 BA:
914 2261 1000 2291 illam
1018 2261 1069 2292 P:
1102 2263 1134 2291 in
1160 2262 1214 2291 illa
1237 2272 1278 2292 m.
1301 2260 1504 2291 Vascosanus

180 2313 222 2333 20
246 2303 392 2341 remiges
411 2303 558 2341 Lipsius:
585 2314 682 2343 reges
698 2304 770 2334 ΑΡ
879 2315 917 2334 21
945 2306 1075 2335 modica
1092 2316 1155 2335 nec
1172 2305 1348 2334 Ha'nsins:
1373 2306 1502 2335 modica

180 2357 223 2376 ne
240 2346 272 2375 A
291 2358 298 2376 ε
334 2347 510 2376 modicane
530 2347 583 2377 B:
619 2348 792 2378 modicaue
812 2347 846 2377 P
931 2349 1093 2378 celeritati
1117 2349 1292 2379 Heinsius:
1330 2349 1502 2378 celeritate

180 2389 284 2418 ABP
349 2391 462 2428 speeie
475 2395 507 2420 et
520 2391 608 2421 AP:
626 2392 779 2421 lacunam
790 2391 890 2430 posui
954 2402 994 2421 22
1012 2393 1076 2421 huc
1088 2391 1156 2427 del„
1171 2391 1241 2420 dein
1256 2392 1332 2421 hinc
1349 2391 1382 2420 A
1461 2402 1501 2430 23

180 2433 302 2471 aliq-aie
315 2433 438 2471 aliquid
450 2433 483 2462 A
501 2435 581 2473 (sic),
595 2434 652 2464 sed
665 2434 755 2464 delcti
769 2435 915 2464 uocabult'
925 2436 1043 2465 ultima
1058 2435 1161 2465 littera
1176 2435 1233 2464 ιιιῖτ
1243 2434 1353 2474 dispici
1357 2439 1482 2475 poterat
1493 2445 1502 2466 z

182 2476 305 2515 aliquid
322 2476 355 2505 B
370 2489 376 2507 :
400 2477 499 2515 aliqui
516 2477 550 2507 P
634 2478 902 2517 transfugiebant
917 2478 950 2507 P
1049 2479 1158 2517 adque
1175 2478 1207 2507 A

797 2539 837 2570 97
1319 2527 1340 2560 7
