1799 2864
588 203 1045 242 COMMENTARIVS
1075 203 1336 242 CRITICVS

343 313 463 358 posuit
483 315 595 348 eliam
609 315 665 348 P:
694 325 767 359 qua
784 315 895 348 eliam
912 314 968 348 P:
998 314 1366 348 demendesmontem
1392 315 1503 348 etiam
1522 314 1576 348 P:
1594 313 1620 348 ti

293 371 369 405 fata
387 372 497 405 eliam
516 372 560 406 P.
603 372 678 406 Sed
703 373 817 406 Burer
834 371 1023 406 adnotauit
1041 373 1050 388 ‘
1067 373 1133 405 Ex.
1153 378 1223 406 uet.
1243 371 1295 405 sic
1313 370 1490 416 scriptum
1508 372 1620 406 habet

294 428 417 473 posuit
443 429 633 464 uictoriam
659 441 730 474 qua
756 430 956 464 demendes
984 433 1108 464 monte
1134 430 1239 464 tifata
1264 441 1346 463 cum
1376 430 1416 464 C.
1440 430 1620 464 Norbano

293 494 524 521 concurrerat
546 487 667 531 Sylla?
717 494 843 532 gratus
862 488 907 521 P.

340 544 547 579 Tifatorum
575 545 712 579 mentio
741 557 823 579 cum
854 546 924 579 hac
954 544 1107 579 uictoria
1138 544 1262 579 Sullae
1289 544 1484 579 coniuncta
1513 550 1569 578 est
1598 555 1620 579 a

293 601 490 636 Plutarcho
511 603 597 637 Sull.
613 612 668 645 27,
688 603 754 637 sed
775 609 813 636 ut
836 602 933 636 circa
956 603 1054 636 hunc
1083 609 1245 636 montem
1268 602 1380 636 etiam
1402 601 1619 646 prodigium,

291 659 460 693 euenisse
479 660 669 694 tradiderit
691 661 790 705 quod
814 660 947 702 Sullae,
972 667 1169 704 antequam
1194 672 1237 694 ex
1262 660 1419 695 Graecia
1436 660 1621 703 transiret,

291 728 401 751 omen
414 717 519 752 fuerit
531 718 710 752 fortunae.
745 719 863 762 μικρὸν
881 719 917 751 δέ
935 717 1001 762 πρὸ
1019 719 1077 760 τῆς
1096 718 1284 756 διαβάσεως
1302 718 1338 752 ἐν
1356 719 1529 762 Καμπανίᾳ
1546 719 1624 763 περὶ

288 775 328 808 τὸ
346 775 496 819 Τίφατον
513 775 591 820 ὅρος
609 774 732 820 ἡμέρας
750 775 916 820 ὤφθησαν
934 774 992 809 δύο
1011 776 1129 820 τράγοι
1146 777 1288 819 μεγάλοι
1306 776 1558 820 συμφερόμενοι
1571 776 1624 809 καὶ

288 833 398 866 πάντα
418 833 561 877 δρῶντες
579 833 631 865 καὶ
648 834 839 876 πάσχοντες
858 832 877 866 ἃ
895 833 1074 877 συμβαίνει
1091 833 1292 876 μαχομένοις
1311 832 1509 876 ἀνθρώποις.
1552 830 1621 868 ’Hv

291 890 327 923 δὲ
345 890 410 935 ἄρα
428 891 564 935 φάσμα,
583 917 590 924 .
611 917 618 924 .
637 917 645 924 .
665 889 716 923 καὶ
732 889 801 934 μετ’
822 890 860 923 οὐ
877 890 987 923 πολὺν
1000 891 1125 934 χρόνον
1141 890 1177 923 ἐν
1192 889 1238 935 τῷ
1252 891 1344 936 τόπῳ
1361 889 1468 935 τούτῳ
1487 891 1620 936 Μαρίου

291 950 351 981 τοῦ
375 948 451 982 νέου
475 949 528 981 καὶ
555 949 735 993 Νορβανοῦ
760 950 821 982 τοῦ
842 948 970 982 ὑπάτου
993 948 1142 993 μεγάλας
1168 948 1322 992 δυνάμεις
1344 948 1582 993 ἐπαγαγόντων
1605 950 1623 982 ὁ

294 1004 427 1040 Σύλλας
441 1007 517 1039 οὔτε
532 1005 628 1048 τάξιν
644 1005 791 1040 ἀποδοὺς
814 1008 888 1039 οὔτε
907 1006 1053 1050 λοχίσας
1071 1006 1109 1039 τὸ
1127 1004 1249 1038 οἰκεῖον
1262 1006 1464 1050 στράτευμα,
1481 1004 1574 1050 ῥώμῃ
1587 1006 1622 1040 δέ

289 1063 478 1108 προθυμίας
508 1065 618 1107 κοινῆς
650 1064 703 1097 καὶ
742 1063 837 1109 φορᾷ
876 1065 1003 1108 τόλμης
1029 1062 1311 1108 ἀποχρησάμενος
1339 1062 1513 1108 ἐτρέψατο
1545 1064 1624 1099 τοὺς

291 1122 485 1162 πολεμίους.

338 1180 521 1223 Corrupta
551 1179 663 1213 uerba
691 1179 743 1213 sic
773 1179 954 1213 emendo:
993 1182 1076 1223 post
1108 1177 1268 1222 (Gelen.)
1296 1177 1498 1218 uictoriam,
1535 1180 1623 1223 quia

291 1236 509 1280 (Ruhnken)
525 1237 571 1270 de
589 1237 750 1270 meridie
765 1237 831 1271 snb
848 1243 1013 1270 montem
1032 1236 1153 1270 Tifata
1172 1247 1255 1270 cum
1275 1237 1316 1270 C.
1338 1236 1516 1270 Norbano
1535 1247 1622 1270 con-

290 1301 451 1329 currerat
474 1295 584 1329 Sulla.
633 1295 747 1338 n=ri‚
767 1302 805 1328 ut
823 1294 1164 1328 interita=intenta
1181 1302 1237 1337 43.
1257 1303 1287 1336 3.

339 1354 433 1395 Hoc,
453 1360 489 1387 et
515 1353 710 1397 praecipue
737 1353 836 1397 quod
861 1353 905 1386 de
930 1352 1084 1385 meridie
1110 1364 1193 1385 cum
1217 1351 1394 1385 Norbano
1417 1351 1622 1395 decertarit,

289 1422 333 1444 ex
348 1411 472 1445 Sullae
491 1422 611 1444 rerum
630 1418 817 1454 gestarum
832 1409 1107 1444 commentariis
1122 1410 1231 1451 (Plut.
1249 1411 1334 1443 Luc.
1350 1409 1372 1452 i,
1387 1409 1476 1444 Sull.
1490 1409 1621 1452 xxxvii,

289 1468 401 1503 Prisc‘
422 1468 442 1511 i,
461 1480 495 1513 p.
514 1469 583 1511 476
605 1468 731 1512 Hertz)
755 1469 866 1503 credo
885 1468 1089 1512 sumpsisse
1106 1469 1151 1502 V.

338 1539 388 1572 26
412 1547 424 1571 1
457 1538 496 1572 C.
519 1538 660 1572 Marius
688 1538 850 1582 septiens
879 1539 1027 1573 CONS.
1055 1536 1148 1571 filius
1182 1548 1300 1571 annos
1330 1543 1438 1570 natus
1455 1536 1547 1571 xxvi.
1568 1538 1623 1571 uir

290 1595 403 1629 animi
422 1595 539 1640 magis
558 1607 669 1640 quam
688 1595 769 1630 aeui
788 1596 942 1640 paterni.
960 1596 1010 1630 A.

339 1654 448 1696 Quod
477 1655 564 1687 aem·
592 1653 758 1699 plerique
792 1654 1079 1699 interpretantur
1112 1652 1244 1687 aetatis
1277 1652 1465 1697 (Laurent,
1501 1652 1620 1694 Koch,

289 1711 446 1754 Milkau,
463 1711 625 1756 Scriner)
645 1718 834 1756 tamquam
856 1711 998 1746 Marius
1017 1718 1122 1756 pater
1140 1710 1346 1744 diutissime
1364 1710 1505 1753 uixerit,
1526 1709 1620 1743 filius

289 1780 378 1803 uero
418 1777 653 1813 praematura
687 1776 803 1803 morte
837 1770 1010 1814 abreptus
1045 1768 1162 1811 fuerit,
1198 1767 1287 1801 mihi
1322 1767 1467 1801 uidetur
1498 1767 1620 1812 potius

286 1826 487 1870 significari
520 1826 617 1860 uitae
653 1838 779 1861 cursus
814 1827 891 1861 siue
924 1828 1082 1868 fortuna,
1116 1837 1236 1871 neque
1270 1832 1412 1860 tantum
1444 1825 1620 1869 temporis

284 1885 486 1929 premenda
510 1884 612 1918 notio
639 1884 756 1928 (uelut
783 1892 839 1918 est
868 1884 994 1919 Giesio
1020 1891 1164 1928 tempus
1191 1883 1227 1917 in
1255 1883 1353 1928 quod
1379 1882 1455 1917 uita
1481 1882 1620 1926 incidit,

285 1942 364 1976 siue
393 1942 494 1987 peior
523 1942 752 1986 oportunitas
786 1943 884 1976 uitae
918 1954 1031 1987 quam
1057 1941 1152 1986 patri
1179 1940 1411 1985 contigerat),
1443 1947 1620 1985 quantum

286 2012 407 2034 rerum
427 2000 558 2045 quibus
578 2000 613 2033 in
633 2000 718 2043 uita,
745 2001 869 2044 quoad
895 2000 994 2042 uixit,
1022 2000 1116 2034 filius
1145 2011 1232 2033 usus
1259 2005 1324 2033 est.
1377 1998 1436 2033 Sic
1468 1998 1619 2033 Graecis

285 2058 360 2100 βίος
378 2057 561 2092 interdum
579 2064 634 2092 est
651 2059 829 2101 συμφοραὶ
847 2056 937 2099 βίου.
1291 2073 1309 2101 β
1469 2082 1487 2096 a

334 2126 379 2160 27
398 2125 418 2149 2
447 2115 669 2149 Hannibalis
688 2116 783 2149 intra
802 2115 950 2149 tertium
969 2114 1167 2149 miliarium
1186 2115 1401 2160 conspicata
1420 2123 1540 2151 castra
1557 2117 1607 2150 A.

336 2174 466 2218 Itaque
490 2174 590 2218 prius
615 2173 701 2217 legit
726 2173 994 2207 Amerbachius
1022 2174 1230 2217 conspicata
1252 2179 1386 2208 cczslrtz.
1466 2175 1541 2208 Aut
1559 2185 1619 2208 me

285 2242 393 2266 aures
417 2232 547 2266 fallunt
570 2238 632 2266 aut
654 2232 726 2266 hoc
756 2231 884 2266 maluit
914 2232 958 2266 V.
987 2243 1061 2265 non
1088 2226 1130 2265 'id
1157 2231 1257 2276 quod
1286 2239 1341 2266 est
1370 2232 1406 2266 in
1436 2232 1471 2265 P
1495 2236 1619 2266 castra

285 2291 505 2334 conspicata.
1298 2280 1301 2281 ⁷

333 2349 418 2382 282
450 2347 587 2392 quippe
622 2347 778 2380 dictator
818 2353 962 2381 creatus
1007 2346 1110 2380 cuius
1150 2347 1300 2381 honoris
1335 2347 1522 2391 usurpatio
1553 2358 1619 2391 per

285 2416 401 2439 annos
421 2417 485 2439 cxx
505 2404 714 2439 intermissa
733 2416 819 2438 nam
834 2404 1020 2449 proximus
1042 2411 1124 2448 post
1146 2416 1284 2439 annum
1299 2416 1409 2450 quam
1426 2404 1617 2438 Hannibal

286 2463 394 2498 Italia
419 2470 626 2498 excesserat
652 2462 702 2497 uti
729 2463 907 2507 adpareat
934 2463 1110 2507 populum
1132 2463 1176 2496 R.
1202 2474 1305 2497 usum
1335 2462 1525 2497 dictatoris
1552 2470 1615 2497 aut

921 2527 979 2558 152
