1799 2864
122 916 158 936 10

726 205 896 243 LIBER
927 206 945 243 I

182 319 236 354 M.
278 315 418 362 Vinici,
461 315 709 352 consulatum
753 312 882 360 inires,
921 323 1148 351 Dcccxxni.
1226 314 1302 352 hoc
1346 326 1498 352 sacrum
1521 331 1535 352 2

179 383 321 420 eodem
358 381 446 418 loco
484 378 697 416 instituisse
729 379 848 416 fertur
884 377 1030 416 abhinc
1067 391 1193 416 annos
1231 380 1352 417 ferme
1390 390 1500 417 MCCL

180 450 332 491 Atreus,
363 457 454 482 cum
484 443 621 493 Pelopi
650 443 748 493 patri
777 442 950 481 funebris
980 443 1096 481 ludos
1124 444 1278 490 faceret,
1311 456 1390 492 quo
1420 443 1501 493 qui-

179 513 269 550 dem
302 510 342 547 in
376 509 527 547 ludicro
556 508 800 558 †omnisque
832 507 984 558 generis
1015 508 1273 546 certaminum
1307 509 1500 546 Hercules

178 576 301 613 uictor
338 574 472 613 extitit.
544 581 627 612 tum
661 573 828 612 Athenis
866 572 1045 623 perpetui
1077 574 1286 611 archontes
1320 586 1405 611 esse
1438 573 1502 611 de·
1522 591 1538 620 3

177 641 333 686 sier-unt,
367 653 457 677 cum
495 639 630 677 fuisset
668 639 828 677 ultimus
859 640 1089 685 Alcmaeon,
1130 645 1425 687 coeperuntque
1462 637 1502 675 in

176 707 300 743 denos
320 718 446 743 annos
467 704 609 743 creari:
639 717 740 754 quae
767 704 1015 742 consuetudo
1038 703 1079 741 in
1108 716 1234 741 annos
1256 714 1340 740 Lxx
1361 702 1503 740 mansit

176 784 221 808 ac
250 770 395 808 deinde
423 769 564 808 annuis
593 769 805 808 commissa
833 776 891 807 est
922 768 1210 818 magistratibus
1240 781 1299 806 res
1332 767 1499 817 publica.

177 850 222 873 ex
256 835 312 882 iis,
344 835 411 884 qui
442 835 554 873 denis
587 835 699 873 annis
734 835 994 884 praefuerunt,
1026 833 1174 883 primus
1208 832 1280 871 fuit
1310 833 1500 881 Charops,

176 901 336 939 ultimus
358 900 528 950 Eryxias,
551 913 597 938 ex
617 899 758 938 annuis
778 899 926 949 primus
948 900 1089 938 Creon.
1149 906 1256 936 sexta
1280 897 1504 947 olympiade
1523 917 1540 945 4

176 974 264 1014 post
298 966 378 1004 duo
412 974 450 1004 et
484 965 621 1015 uiginti
654 979 779 1004 annos
813 978 933 1014 quam
966 963 1091 1013 prima
1125 963 1337 1002 constituta
1367 964 1502 1008 fuerat,

179 1031 384 1077 Romulus,
422 1030 559 1069 Martis
591 1030 703 1077 filius,
739 1031 843 1068 ultus
874 1028 1032 1067 iniurias
1063 1028 1127 1066 aui
1162 1030 1334 1066 Romam
1366 1027 1503 1065 urbem

178 1095 367 1133 Parilibus
394 1095 434 1133 in
455 1095 605 1133 Palatio
632 1095 821 1134 condidit.
880 1107 903 1132 a
929 1107 1009 1143 quo
1036 1101 1213 1143 tempore
1242 1094 1293 1131 ad
1313 1106 1385 1130 uos
1415 1105 1506 1130 con-

177 1162 278 1198 sules
299 1160 393 1198 anni
413 1168 503 1199 sunt
523 1165 545 1201 †
559 1160 796 1210 septingenti
816 1159 1017 1209 octoginta
1036 1171 1138 1197 unus
1154 1173 1164 1206 ,-
1193 1158 1234 1196 id
1253 1165 1385 1195 actum
1415 1164 1504 1206 post

176 1223 336 1261 Troiam
375 1231 529 1273 captam
571 1223 684 1262 annis
726 1234 991 1261 ccccxxxvn.
1074 1221 1115 1260 id
1152 1221 1270 1271 gessit
1309 1222 1505 1259 Romulus
1526 1239 1542 1269 5

176 1285 332 1324 adiutus
367 1286 586 1335 legionibus
622 1286 751 1324 Latini
784 1286 849 1324 aui
883 1285 967 1333 sui3
1009 1285 1175 1323 libenter
1209 1284 1314 1323 enirn
1348 1284 1405 1331 iis,
1438 1284 1506 1333 qui

181 1348 232 1385 ita
279 1348 547 1398 prodiderunt,
587 1349 830 1396 accesserim,
877 1362 968 1387 cum
1013 1348 1123 1386 aliter
1170 1349 1322 1386 firmare
1367 1347 1505 1386 urbem

177 1425 323 1449 nouam
352 1420 432 1450 tam
459 1412 598 1451 uicinis
618 1413 852 1451 Veientibus
881 1412 1045 1462 aliisque
1072 1412 1247 1450 Etruscis
1275 1425 1321 1450 ac
1351 1411 1506 1450 Sabinis

177 1490 267 1513 cum
289 1475 423 1514 inbelli
444 1484 482 1515 et
507 1478 691 1526 pastorali
716 1491 835 1515 manu
856 1477 921 1515 uix
946 1476 1126 1526 potuerit,
1150 1490 1391 1526 quamquam
1418 1490 1505 1515 eam
1523 1486 1543 1516 6

121 1557 133 1576 2
176 1543 283 1590 asylo
316 1542 420 1579 facto
449 1541 549 1580 inter
577 1543 678 1580 duos
707 1543 816 1580 locos
849 1540 964 1579 auxit.
1036 1540 1100 1578 hic
1131 1548 1290 1579 centurn
1324 1540 1506 1579 homines

177 1608 321 1644 electos
352 1608 650 1657 appellatosque
679 1615 807 1657 patres
841 1607 962 1645 instar
995 1606 1133 1644 habuit
1167 1605 1306 1644 consili
1344 1605 1502 1655 publici,

177 1673 277 1709 hanc
298 1671 487 1721 originem
515 1686 662 1711 nomen
688 1671 941 1722 patriciorum
968 1671 1097 1709 habet.
1156 1678 1289 1720 raptus
1310 1670 1505 1720 uirginum

176 1736 407 1774 Sabinarum
439 1767 446 1774 .
479 1767 487 1775 .
519 1767 527 1775 .

231 1799 334 1852 [Nec
372 1801 502 1840 minus
540 1804 665 1841 clarus
703 1816 750 1841 ea
787 1808 1020 1852 tempestate
1058 1801 1130 1839 fuit
1174 1800 1365 1839 Miltiadis
1403 1801 1504 1839 filius

119 1881 133 1901 2
177 1864 351 1917 Cimon]

220 1992 233 2010 1
263 1991 434 2011 Dcccxxm
451 1980 503 2011 P:
527 1991 653 2012 Dccc111
671 1982 840 2012 Laurent:
864 1990 985 2012 Dcccw
1001 1980 1154 2020 Lipsius:
1190 1989 1340 2011 Deccxm
1363 1979 1502 2019 Krause,

177 2025 252 2055 ‘sed
278 2028 365 2054 uetat
378 2025 566 2055 Mommsen
591 2025 717 2055 mutari
737 2035 913 2055 numerum
930 2029 1157 2055 MCCCXXHI
1177 2024 1255 2063 quia
1270 2024 1301 2053 si
1324 2023 1509 2053 adiciantur

175 2070 259 2098 anni
271 2073 316 2098 CC
319 2073 432 2098 CCXX
434 2073 502 2107 Vll,
523 2079 603 2108 quos
610 2069 721 2109 posuit
735 2068 880 2099 Clemens
891 2068 1151 2103 Alexandrinus,
1167 2068 1229 2107 ipsi
1238 2067 1288 2097 illi
1296 2066 1509 2105 conficiuntur

173 2113 261 2142 anni
288 2118 408 2152 MCCL,
450 2122 530 2152 quos
561 2112 673 2142 deinde
701 2112 833 2143 Velleius
863 2111 1053 2144 enumerat.'
1114 2111 1229 2142 Haase
1258 2110 1305 2141 ed.
1341 2119 1360 2140 2
1383 2114 1418 2149 p.
1446 2110 1502 2141 vii.

174 2179 193 2197 2
229 2179 258 2198 00
276 2178 336 2198 CCL
351 2167 385 2197 P
469 2177 489 2206 3
509 2166 658 2205 patrisP
742 2165 901 2196 funebres
912 2165 947 2196 P
1030 2176 1050 2205 4
1075 2165 1185 2197 omnis
1202 2164 1350 2196 Gelenius
1365 2174 1372 2193 ι
1395 2163 1504 2195 cuius-

173 2233 238 2261 que
259 2222 379 2253 Gurlitt
482 2230 520 2251 10
545 2220 689 2260 Eryxias
706 2219 893 2251 Meursz'us:
918 2220 1000 2250 Erix
1017 2220 1051 2251 Ρ
1174 2229 1212 2258 14
1237 2228 1502 2250 D.cccc.Lxxx.1...

174 2278 213 2314 P,
232 2288 292 2308 em.
313 2276 418 2308 Gelen.
436 2279 464 2306 et
479 2275 627 2306 Laurent
742 2284 780 2313 15
804 2284 1006 2305 ccccxxxvn
1022 2275 1055 2305 P
1167 2274 1205 2303 16
1230 2273 1358 2303 Latinis
1369 2272 1505 2312 Lipsius

175 2321 227 2351 his
238 2321 277 2360 P,
298 2319 422 2351 emend.
444 2319 546 2350 Orelli
667 2329 705 2358 19
729 2329 803 2349 eam
819 2318 999 2350 Heinsius:
1025 2319 1089 2348 iam
1106 2317 1139 2348 P
1260 2326 1296 2346 21
1323 2316 1456 2347 consilii
1473 2316 1506 2347 P

173 2375 215 2394 22
242 2364 338 2394 uerba
369 2367 486 2403 raptus
516 2362 600 2401 uirg.
634 2362 711 2393 Sab.
744 2371 810 2391 non
840 2372 905 2392 esse
938 2361 1039 2402 Vellei,
1070 2360 1129 2392 sed
1152 2371 1173 2391 a
1201 2360 1330 2390 librario
1358 2360 1507 2400 maigini

174 2409 313 2448 ascripta
330 2417 410 2437 mox
424 2407 457 2437 in
474 2409 596 2436 textum
611 2406 773 2446 irrepsisse
787 2405 929 2436 censebat
944 2406 1025 2436 Voss
1113 2415 1154 2442 24
1180 2403 1270 2443 [Nec
1287 2427 1295 2434 .
1311 2427 1318 2434 .
1337 2428 1343 2435 .
1362 2403 1498 2444 Cimon]

176 2462 242 2481 non
265 2451 358 2482 habet
370 2450 410 2490 P,
427 2449 572 2480 seruauit
584 2449 776 2480 Priscianus
789 2448 846 2481 VI.
866 2450 918 2489 63,
938 2448 959 2481 i.
977 2459 1009 2489 p.
1026 2449 1089 2486 248
1102 2448 1205 2478 Hertz

822 2543 837 2574 7
