1799 2864
742 225 912 261 LIBER
942 224 984 261 II

198 337 344 375 reditus
372 336 466 375 fuit:
496 335 605 375 omni
625 335 772 385 quippe
802 335 999 373 Brundisii
1027 334 1189 373 dimisso
1221 335 1389 373 exercitu
1422 335 1517 372 nihil

198 410 348 451 praeter
379 414 524 439 nomen
556 400 797 450 imperatoris
824 400 993 438 retinens
1021 412 1111 437 cum
1138 399 1290 448 priuato
1316 400 1514 444 comitatu,

199 479 316 515 quem
337 478 490 514 semper
509 464 563 502 illi
592 478 727 502 uacare
754 464 872 502 moris
899 464 980 510 fuit,
1004 463 1042 501 in
1070 463 1206 501 urbem
1233 463 1345 501 rediit
1376 464 1518 513 magni-

196 529 571 579 ficentissimumque
587 531 636 567 de
652 537 709 567 tot
730 529 883 578 regibus
903 542 971 578 per
987 528 1151 566 biduum
1168 528 1244 577 egit
1264 528 1516 577 triumphum,

158 608 174 638 5
197 595 390 643 longeque
411 593 597 632 maiorem
619 593 727 632 omni
747 601 837 631 ante
858 607 898 631 se
919 593 1038 630 inlata
1057 592 1224 642 pecunia
1250 592 1289 630 in
1315 592 1515 638 aerarium,

195 666 464 708 praeterquam
503 672 526 696 a
564 660 698 705 Paulo,
731 672 778 696 ex
811 658 1006 696 manubiis
1044 657 1182 695 intulit.
1241 657 1404 695 absente
1443 658 1514 696 Cn.
1538 672 1555 699 4

196 722 386 772 Pompeio
424 725 469 761 T.
511 723 677 772 Ampius
716 731 754 761 et
791 724 836 761 T.
880 722 1077 760 Labienus
1116 722 1260 760 tribuni
1302 723 1351 771 pl.
1393 723 1515 771 legem

195 788 375 834 tulerunt,
398 795 440 825 ut
460 787 491 825 is
512 787 613 826 ludis
634 787 873 825 circensibus
900 800 1046 825 corona
1070 800 1187 824 aurea
1217 794 1255 824 et
1282 785 1391 824 omni
1411 787 1516 823 cultu

195 851 518 901 triumphantium
550 860 730 899 uteretur,
753 852 940 891 scaenicis
970 860 1101 890 autem
1136 859 1332 901 praetexta
1360 864 1520 889 corona-

138 927 178 950 10
196 929 272 965 que
305 930 430 955 aurea.
500 917 541 956 id
578 917 641 955 ille
673 931 752 955 non
786 919 873 966 plus
911 930 1030 967 quam
1069 918 1200 963 semel,
1236 924 1273 954 et
1312 917 1388 954 hoc
1426 929 1518 953 sane

195 980 360 1018 nimium
381 981 462 1027 fuit,
486 995 670 1031 usurpare
701 981 892 1020 sustinuit.
952 981 1067 1019 huius
1093 981 1165 1019 uiri
1186 980 1381 1030 fastigium
1402 980 1517 1018 tantis

193 1045 372 1083 auctibus
404 1047 559 1084 fortuna
590 1046 734 1093 extulit,
769 1053 811 1084 ut
844 1046 1013 1095 primum
1045 1059 1091 1084 ex
1124 1046 1266 1092 Africa,
1300 1045 1438 1083 iterum
1473 1058 1518 1083 ex

195 1112 363 1159 Europa,
397 1111 510 1149 tertio
548 1125 595 1149 ex
628 1111 722 1149 Asia
755 1110 1009 1160 triumpharet
1040 1118 1088 1157 et,
1125 1117 1221 1160 quot
1255 1117 1382 1159 partes
1413 1109 1517 1147 orbis

194 1181 379 1212 terrarum
410 1183 510 1222 sunt,
547 1175 712 1214 totidem
746 1177 889 1213 faceret
920 1174 1164 1213 monimenta
1194 1174 1380 1213 uictoriae
1411 1187 1513 1211 suae.

134 1250 172 1284 15
194 1253 409 1289 numquam
441 1240 654 1278 eminentia
684 1240 833 1278 inuidia
871 1247 1012 1278 carent.
1071 1239 1202 1289 itaque
1240 1247 1279 1278 et
1318 1240 1514 1283 Lucullus,
1538 1252 1553 1281 5

193 1318 343 1343 memor
364 1311 529 1343 *stamen
555 1313 740 1354 acceptae
766 1305 938 1351 iniuriae,
961 1312 999 1343 et
1027 1306 1211 1342 Metellus
1239 1304 1415 1343 Creticus
1438 1317 1516 1341 non

190 1369 332 1408 iniuste
353 1383 519 1419 querens
542 1370 704 1421 (quippe
724 1378 997 1408 ornamentum
1025 1369 1211 1419 triumphi
1236 1369 1319 1408 eius
1340 1369 1516 1418 captiuos

191 1435 311 1472 duces
344 1434 555 1483 Pompeius
587 1433 840 1484 subduxerat)
876 1442 913 1472 et
944 1447 1035 1472 cum
1066 1434 1112 1472 iis
1146 1447 1233 1484 pars
1267 1434 1513 1483 optimatium

190 1499 461 1547 refragabatur,
495 1512 544 1536 ne
574 1506 641 1536 aut
678 1498 870 1548 promissa
907 1498 1130 1536 ciuitatibus
1168 1512 1191 1536 a
1225 1499 1416 1548 Pompeio
1449 1507 1516 1536 aut

130 1576 170 1598 20
190 1562 291 1600 bene
312 1562 456 1600 meritis
478 1562 649 1611 praemia
668 1564 718 1601 ad
739 1563 939 1600 arbitrium
960 1563 1042 1601 eius
1063 1565 1385 1612 persoluerentur.

242 1628 405 1665 Secutus
427 1627 571 1665 deinde
591 1635 648 1666 est
668 1629 806 1665 consul
828 1629 871 1666 C.
888 1629 1042 1674 Caesar,
1060 1628 1127 1678 qui
1147 1628 1331 1666 scribenti
1353 1642 1513 1666 manum
1533 1635 1577 1670 41

233 1740 246 1760 1
274 1729 458 1760 Brundusii
482 1729 553 1758 ΑΡ
723 1740 743 1768 3
768 1729 812 1759 illi
830 1740 952 1760 uacare
970 1730 1173 1760 Rhenanus:
1205 1730 1258 1760 illa
1284 1730 1388 1761 fatare
1413 1733 1513 1762 moris

188 1773 270 1812 (fata
288 1773 428 1803 remoris
445 1773 494 1813 A)
513 1772 577 1802 PA
595 1784 602 1803 :
631 1772 675 1802 illi
693 1778 804 1803 astare
822 1773 1006 1804 Doederlein
1032 1777 1061 1804 et
1087 1773 1205 1812 Halm,
1227 1774 1381 1813 probante
1408 1775 1446 1805 G.
1465 1776 1510 1806 A.

185 1817 275 1846 Koclz
435 1826 453 1854 5
480 1817 655 1855 pecuniam
672 1816 828 1856 Kreysszg
967 1819 987 1847 6
1011 1822 1148 1856 praeter
1171 1828 1270 1856 quam
1296 1817 1367 1847 ΑΡ
1496 1830 1512 1858 7

189 1860 222 1891 L.
249 1859 408 1898 Tampius
437 1859 573 1889 Vrsinus
591 1860 760 1890 Labienus
782 1860 901 1890 benius
926 1860 958 1889 A
980 1861 1050 1898 (εἱσι
1210 1863 1230 1891 8
1255 1861 1403 1891 tulerunt
1426 1861 1512 1894 AP:

186 1904 332 1934 tulerant
348 1903 518 1933 Am'dalz'ns
596 1904 623 1933 is
639 1903 775 1933 Vrsinus
789 1915 796 1934 ε
820 1904 849 1933 si
863 1903 1038 1943 APzsom.
1055 1904 1100 1933 uti
1115 1904 1143 1934 is
1161 1905 1247 1934 uelis
1259 1909 1295 1934 ut
1392 1905 1412 1935 8
1427 1909 1456 1935 et
1476 1916 1513 1936 10

185 1957 288 1977 aurea
302 1946 334 1975 A
340 1945 372 1975 P
384 1958 390 1976 :
415 1946 529 1977 laurea
545 1947 678 1986 Lipsius
691 1947 749 1984 bis,
768 1951 801 1976 al
819 1947 890 1977 uide
906 1947 1066 1987 Borghesi
1081 1948 1220 1978 Oeuvres
1236 1948 1254 1978 i.
1275 1959 1293 1986 4
1297 1958 1338 1986 52
1492 1961 1512 1988 9

186 1995 340 2020 uteretur
357 1999 420 2020 om.
440 1990 472 2019 A
564 1989 710 2021 scenicis
727 1990 759 2020 A
852 1995 1006 2030 pretexta
1027 1991 1059 2020 A
1207 2002 1309 2030 11-14
1335 1992 1433 2022 huius
1450 2017 1456 2023 .
1476 2017 1483 2024 .
1504 2017 1512 2024 .

186 2033 348 2063 uictoriae
376 2033 486 2073 suae.]
526 2033 593 2063 Hic
617 2034 703 2064 locus
722 2037 809 2063 extat
833 2039 886 2073 ap.
912 2034 1096 2064 sclzoliasten
1124 2034 1254 2065 Lucani
1274 2045 1304 2073 9.
1333 2037 1392 2074 178
1416 2046 1511 2074 quem

184 2077 279 2106 edidit
300 2077 409 2106 Weber
431 2076 473 2106 iii.
494 2081 527 2116 p.
544 2077 607 2116 695
633 2077 688 2107 ubi
708 2077 887 2116 discrepant
908 2077 983 2107 llaec
1003 2079 1132 2108 actibus
1150 2101 1157 2108 .
1176 2102 1182 2108 .
1200 2102 1207 2109 .
1229 2083 1264 2108 ut
1291 2079 1435 2117 primum
1452 2103 1458 2109 .
1477 2104 1484 2110 .
1505 2104 1511 2110 .

185 2121 285 2150 tertio
297 2131 339 2149 ex
354 2120 519 2158 Hispania
536 2144 542 2150 .
561 2145 568 2152 .
587 2144 592 2150 .
612 2124 725 2159 partes
739 2125 849 2151 terrae
867 2145 873 2151 .
891 2144 899 2151 .
917 2145 924 2152 .
942 2122 1150 2152 monimenta
1242 2131 1278 2151 12
1304 2123 1428 2161 primus
1445 2123 1515 2152 ΑΡ

188 2173 225 2202 13
249 2164 339 2202 quod
359 2164 516 2201 (refictmn
539 2163 683 2203 inquot)
710 2168 823 2203 partes
849 2164 939 2194 orbis
968 2170 1132 2195 terrarum
1157 2165 1227 2195 sinz
1254 2170 1331 2195 sunt
1356 2166 1388 2194 A
1416 2166 1511 2203 (sz'c>:

184 2211 349 2237 terrarum
371 2207 461 2236 orbis
482 2206 515 2236 P
667 2217 705 2245 14
731 2218 875 2239 monum.
895 2207 966 2237 ΛΡ
1119 2210 1157 2238 16
1181 2212 1255 2239 ante
1272 2219 1399 2238 memor
1423 2210 1458 2239 in
1475 2210 1508 2239 A

184 2250 321 2280 deletum
339 2254 385 2280 est
410 2255 442 2280 et
470 2250 644 2282 Metellus:
671 2251 853 2290 scripsem'm
879 2256 912 2281 et
940 2250 1020 2282 Met.
1048 2251 1212 2290 Creticus,
1244 2262 1375 2282 memor
1397 2257 1510 2283 tamen

183 2298 344 2332 acceptae
368 2294 508 2324 iniuriae
534 2304 600 2324 non
626 2295 747 2325 iniuste
772 2304 929 2333 querens,
950 2295 1076 2334 quippe
1094 2298 1177 2326 δέρη
1207 2300 1318 2326 tamen
1329 2295 1405 2333 ΑΡ,
1426 2297 1515 2335 qnod

184 2337 295 2367 misere
311 2337 443 2377 languet
458 2337 494 2367 de
509 2337 645 2368 Lucullo
662 2349 669 2368 ε
693 2338 828 2368 tandem
843 2338 958 2369 Orelli:
984 2344 1064 2369 ante
1076 2339 1222 2369 Lanrent
1303 2344 1336 2369 et
1352 2339 1510 2370 Metellus

183 2380 238 2411 Cr.
263 2380 352 2410 AF:
386 2380 560 2411 Craeticus
589 2380 659 2420 del„
685 2381 755 2411 dein
782 2381 934 2412 Creticus
957 2382 989 2412 A
1021 2382 1089 2423 (sic)
1226 2393 1262 2421 17
1287 2393 1455 2421 quaerens
1474 2383 1506 2412 A

186 2424 225 2453 18
249 2424 333 2454 duos
356 2429 515 2464 suprascr.
542 2424 645 2454 duces
661 2424 718 2454 sed
738 2425 822 2455 duos
840 2435 904 2455 non
920 2435 1010 2455 eraso
1029 2425 1061 2454 A
1080 2437 1087 2456 ε
1111 2426 1217 2456 ducus
1234 2425 1285 2456 P:
1310 2427 1414 2456 duces
1432 2437 1506 2458 corr.

182 2477 367 2508 Rhenanus
499 2488 536 2509 21
564 2474 702 2510 CO—SA
720 2490 727 2510 ι
751 2479 954 2510 Consulatus
975 2478 1009 2509 P
1100 2480 1136 2511 C.
1157 2481 1305 2521 Caesars
1320 2481 1388 2522 qui⁷
1403 2481 1511 2512 deinde

183 2521 210 2551 is
232 2524 305 2552 ante
319 2521 376 2561 qui
393 2520 465 2553 add.
485 2526 585 2562 supra
608 2523 728 2554 lineam
750 2522 783 2553 A
801 2534 809 2554 ι
833 2523 870 2554 C.
889 2523 1043 2554 Caesaris
1060 2523 1099 2564 P,
1119 2525 1238 2554 correxi
1250 2535 1289 2554 ex
1303 2524 1335 2554 Α

821 2590 862 2622 59
