1799 2864
716 227 885 264 LIBER
915 227 957 264 ΙΙ

179 337 368 375 exercitus
407 338 478 376 Cn.
515 345 553 375 et
591 338 632 375 P.
670 336 873 386 Scipiones
904 337 1015 375 initio
1046 338 1209 376 secundi
1243 338 1335 376 belli
1366 339 1503 377 Punici

179 402 324 440 abhinc
356 415 481 439 annos
511 412 611 448 CCL3
649 400 743 439 inde
776 401 882 439 uarie
914 415 1095 450 possessa
1132 410 1170 439 et
1208 415 1325 452 saepe
1361 403 1505 441 amissa

179 466 363 514 partibus,
403 465 585 503 uniuersa
629 466 750 503 ductu
795 465 962 514 Augusti
1006 466 1108 503 sacta
1145 465 1395 515 stipendiaria
1433 476 1500 505 est.

181 530 458 568 Macedoniam
480 531 635 576 Paulus,
659 529 878 568 Mummius
906 530 1109 577 Achaiam,
1133 530 1294 568 Fuluius
1323 531 1503 570 Nobilior
1524 544 1540 574 5

141 606 158 637 5
179 595 331 644 subegit
360 594 567 640 Aetoliam,
598 593 734 632 Asiam
764 595 806 631 L.
831 593 973 643 Scipio,
1006 594 1179 632 Africani
1207 596 1332 641 frater,
1364 595 1503 645 eripuit

178 659 387 705 Antiocho,
410 660 479 697 sed
500 658 694 696 beneficio
714 666 872 696 senatus
898 658 1113 709 populique
1140 659 1312 697 Romani
1342 673 1433 698 mox
1452 661 1502 698 ab

177 723 316 762 Attalis
344 737 565 773 possessam
596 721 782 775 [regibus]
815 725 870 761 M.
900 725 1106 773 Perpenna
1134 733 1249 773 capto
1279 724 1503 763 Aristonico

176 788 267 826 fecit
287 787 537 826 tributariam.
588 789 738 837 Cypros
759 787 914 826 deuicta
934 787 1077 826 nullius
1097 788 1340 838 adsignanda
1359 789 1503 838 gloriae
1522 799 1540 828 6

177 860 234 890 est
250 867 259 899 ;
305 852 451 902 quippe
496 860 652 890 senatus
698 853 889 899 consulto,
930 852 1144 891 ministerio
1190 853 1363 900 Catonis,
1404 854 1503 903 regis

119 933 159 956 ιο
177 924 313 963 morte,
339 930 457 965 quam
485 916 548 954 ille
575 916 815 954 conscientia
845 916 1049 963 acciuerat,
1071 918 1172 955 facta
1202 917 1406 966 prouincia
1432 927 1499 956 est.

177 982 294 1020 Creta
319 981 469 1019 Metelli
497 982 618 1019 ductu
645 981 894 1030 longissimae
920 981 1106 1019 libertatis
1138 983 1215 1020 fine
1242 984 1405 1020 multata
1431 992 1498 1021 est.

175 1046 282 1096 Syria
303 1048 531 1095 Pontusque
552 1046 624 1084 Cn.
648 1045 813 1094 Pompei
833 1045 985 1083 uirtutis
1005 1045 1249 1084 monimenta
1268 1055 1368 1084 sunt.

228 1110 373 1149 Gallias
407 1110 576 1160 primum
610 1124 634 1147 a
669 1109 847 1148 Domitio
875 1115 911 1147 et
938 1109 1072 1157 Fabio,
1103 1118 1247 1160 nepote
1277 1111 1398 1159 Pauli,
1430 1112 1496 1162 qui
1518 1119 1573 1156 39

175 1175 448 1224 Allobrogicus
469 1182 632 1213 uocatus
653 1182 721 1221 est,
744 1174 902 1212 intratas
927 1187 1017 1212 cum
1043 1175 1224 1222 exercitu,
1247 1189 1388 1225 magna
1408 1189 1500 1214 mox

117 1257 156 1288 15
176 1241 288 1278 clade
335 1247 476 1285 nostra,
518 1252 633 1288 saepe
672 1247 709 1276 et
752 1239 1037 1277 adfectauimus
1082 1248 1119 1277 et
1157 1239 1370 1278 omisimus.
1431 1242 1501 1279 sed

175 1304 503 1354 fulgentissimum
524 1305 568 1342 C.
592 1303 769 1343 Caesaris
790 1317 889 1353 opus
910 1304 950 1342 in
976 1304 1036 1342 his
1063 1304 1302 1354 conspicitur
1315 1320 1326 1353 ,-
1355 1305 1501 1355 quippe

175 1369 257 1407 eius
288 1370 409 1407 ductu
440 1368 702 1418 auspiciisque
731 1368 916 1406 infractae
944 1382 1070 1418 paene
1103 1369 1220 1416 idem,
1253 1372 1361 1420 quod
1395 1379 1500 1408 totus

174 1443 359 1471 terrarum
381 1432 497 1479 orbis,
519 1436 541 1472 †
557 1432 743 1482 ignauum
764 1434 971 1471 conferunt
991 1432 1241 1482 stipendium.
1286 1434 1336 1472 ab
1357 1436 1498 1473 eodem
1522 1449 1536 1469 2

174 1500 275 1536 facta
295 1529 301 1536 .
326 1529 333 1536 .
357 1529 364 1536 .
389 1497 635 1536 Numidicus.
695 1497 874 1537 Ciliciam
894 1498 1118 1547 perdomuit
1143 1498 1337 1537 Isauricus
1354 1507 1391 1537 et
1412 1508 1499 1549 post

222 1611 236 1631 1
263 1601 358 1630 initio
384 1599 436 1630 P:
475 1600 508 1629 in
538 1600 606 1629 otio
631 1606 792 1640 suprascr.
819 1600 924 1631 initio.
953 1600 1038 1631 Beat
1064 1601 1111 1640 A,
1140 1604 1176 1630 ut
1199 1601 1340 1631 dubitem
1361 1603 1442 1632 sitne
1463 1614 1502 1632 cx

174 1645 348 1674 coniectura
368 1643 463 1673 Beati
476 1643 633 1673 thenam'
647 1643 741 1673 initio
753 1654 796 1673 an
811 1644 861 1673 ille
881 1644 925 1673 sic
939 1644 1047 1683 legem?
1063 1644 1151 1683 quod
1165 1648 1233 1674 erat
1248 1645 1281 1674 in
1298 1645 1503 1675 Mm-bacensi

174 1698 192 1717 2
217 1698 298 1726 sepe
315 1686 347 1716 A
417 1687 542 1717 omissa
560 1686 665 1726 Bergk
795 1688 816 1716 6
839 1687 880 1717 ab
902 1687 1025 1717 Attalis
1045 1687 1214 1718 Gelenius:
1239 1688 1350 1719 habita
1373 1689 1413 1718 lis
1432 1689 1503 1718 ΑΡ

177 1741 192 1768 7
219 1731 351 1769 regibus
375 1729 423 1761 P:
457 1741 522 1760 om.
540 1729 572 1758 A
706 1730 725 1759 8
750 1730 884 1769 Cyprus
909 1731 1058 1770 (Cypros
1081 1731 1204 1762 Halml
1230 1732 1259 1762 d.
1281 1732 1407 1762 nullius
1430 1733 1496 1763 ads.

174 1775 301 1813 gloriae
319 1779 370 1804 est
389 1773 578 1812 (gloriaestl
594 1773 753 1804 Lam-ent:
780 1774 893 1813 Cypro
907 1775 1040 1804 deuicta
1054 1775 1154 1805 nullis
1167 1775 1377 1813 adsignanda
1394 1776 1499 1814 gloria

175 1823 227 1848 est
238 1816 308 1847 ΑΡ
435 1827 456 1856 9
479 1816 656 1856 plebiscito
675 1816 775 1847 cuias
910 1827 945 1847 11
972 1818 1074 1848 finem
1091 1817 1124 1847 A
1216 1824 1267 1849 est
1284 1819 1316 1848 A
1335 1823 1364 1848 et
1378 1819 1499 1849 Acida-

174 1861 258 1891 lius:
293 1860 335 1890 Et
359 1859 393 1889 P
567 1870 605 1890 12
631 1870 777 1891 monum.
789 1860 865 1890 ἈΡ
1040 1871 1078 1901 13
1103 1862 1231 1901 primus
1247 1862 1280 1891 A
1385 1873 1404 1892 a
1422 1863 1498 1893 add.

174 1904 286 1934 Aldus
349 1908 382 1933 et
406 1903 480 1935 add.
511 1903 657 1935 Gelenius
727 1904 896 1943 Fabioque
919 1903 1055 1935 Vrsinus
1167 1915 1205 1944 15
1229 1906 1400 1936 amisimus
1420 1906 1496 1943 ΑΡ,

174 1958 233 1978 em.
260 1947 418 1977 Heinsius
550 1948 588 1977 16
612 1947 665 1977 his
681 1947 714 1976 A
741 1948 829 1986 quod
841 1951 966 1977 tutatus
986 1952 1031 1977 est
1052 1949 1204 1988 Thorium,
1224 1949 1261 1979 de
1281 1948 1354 1980 Vell.
1374 1950 1499 1980 nolum.

174 1990 286 2020 condic.
300 1996 335 2030 p.
360 2001 420 2027 14:
444 1989 531 2021 iisP
684 2000 720 2029 17
745 1991 966 2030 auspitiisque
990 1992 1129 2022 infracte
1152 1992 1185 2021 A
1299 2003 1386 2031 pene
1410 1993 1499 2024 AP:

175 2034 275 2072 plane
293 2034 343 2063 κε’]
358 2034 458 2072 plene
475 2034 653 2064 Bumnann
788 2036 826 2064 18
849 2035 1006 2073 ignauum
1024 2035 1109 2066 AF:
1136 2036 1168 2066 in
1186 2036 1350 2066 aerarium
1374 2036 1495 2075 Aldus,

175 2077 383 2116 qnodrecepit
405 2076 530 2108 Halnz:
556 2078 724 2116 signatum
747 2077 899 2117 Popula:
923 2079 1090 2116 ingratum
1115 2079 1261 2110 Lam-ent
1371 2080 1499 2118 stipen—

176 2121 265 2150 dium
294 2120 346 2150 Ab
374 2121 492 2150 eodem
524 2120 609 2151 sacta
637 2121 833 2151 Numidicus
859 2122 1003 2152 Cilitiam
1034 2123 1224 2161 perdomuit
1258 2123 1330 2153 uisa
1362 2123 1499 2154 uicisset

175 2170 252 2203 post
280 2164 404 2194 bellum
438 2163 686 2196 Antiochinum.
748 2164 853 2194 Vulso
886 2165 1031 2196 Manlius
1064 2167 1150 2204 gallo
1185 2167 1308 2205 graecia
1334 2166 1379 2204 A,
1412 2173 1441 2196 ct
1470 2166 1503 2196 P

175 2208 239 2236 nisi
253 2207 341 2246 quod
356 2210 429 2246 post
451 2207 655 2246 stipendium
674 2208 766 2248 plene
787 2209 992 2248 z'nterpzm.17'l,
1019 2209 1127 2240 addito
1151 2214 1224 2240 ante
1248 2210 1319 2240 uisa
1343 2211 1496 2242 asterisco.

177 2250 278 2280 Orelli
299 2251 403 2280 locum
434 2251 478 2280 sic
507 2251 628 2290 scripstl
657 2251 873 2290 stipendium.
926 2252 1155 2291 stipendiaria
1186 2255 1227 2284 ab
1259 2254 1379 2283 eodem
1413 2254 1498 2284 facta

177 2293 342 2324 Numidia.
392 2293 542 2324 Ciliciam
566 2295 756 2333 perdomuit
775 2295 941 2326 Isauricus
964 2301 997 2326 et
1020 2302 1097 2335 post
1119 2297 1240 2327 bellum
1259 2297 1498 2327 Antiochinum

173 2337 276 2367 Volso
292 2337 434 2367 Manlius
449 2337 713 2375 Gallograeciam
727 2350 734 2369 z
749 2339 781 2368 in
795 2339 910 2377 quibus
922 2344 954 2370 et
965 2340 1033 2369 iam
1047 2341 1229 2370 Rhenanus
1239 2341 1315 2370 coni.
1330 2341 1363 2370 in
1376 2351 1495 2380 marg,

175 2380 343 2411 Isauricus
355 2380 491 2420 Stgonio
501 2380 628 2411 debetur
696 2392 733 2420 19
745 2382 830 2412 sacta
846 2382 1018 2422 [Numidia
1040 2385 1222 2422 prouincia,
1238 2394 1255 2413 e
1267 2394 1332 2422 qua
1344 2385 1406 2414 iarn
1419 2385 1496 2414 olim

175 2434 364 2462 cognomen
398 2424 522 2454 uirtute
556 2430 686 2463 parturn
714 2425 881 2456 detulerat
907 2426 1080 2465 Metellus]
1112 2427 1307 2459 Numidicus
1339 2428 1500 2469 suppleuit

174 2466 288 2499 Haase
419 2467 585 2499 Isauricus
603 2473 636 2499 et
652 2468 811 2510 Sigonius
826 2481 832 2501 :
857 2470 928 2501 uisa
945 2471 1082 2502 uicisset
1098 2470 1169 2501 ΑΡ

819 2575 859 2609 57
