1799 2864
726 231 895 268 LIBER
926 229 945 271 1'

172 340 285 387 uiros,
316 342 555 390 Aeschylum
586 342 810 390 Sophoclen
838 341 1064 390 Euripiden,
1096 340 1314 380 inlustrauit
1347 349 1494 392 tragoe-

170 405 274 443 diam
289 419 300 453 3
329 418 407 443 una
426 404 591 454 priscam
612 405 717 443 illam
738 413 776 443 et
796 413 968 443 ueterem
990 406 1063 443 sub
1084 405 1245 444 Cratino
1266 406 1491 456 Aristopha-

170 483 297 519 neque
334 477 372 507 et
411 469 606 519 Eupolide
649 470 922 517 comoediam;
976 484 1021 508 ac
1069 483 1214 508 nouam
1263 468 1489 524 [comicam]

172 535 389 571 Menander
425 535 687 584 aequalesque
732 534 813 572 eius
852 535 988 572 aetatis
1027 535 1148 584 magis
1197 548 1316 584 quarn
1361 536 1488 584 operis

129 601 144 630 5
170 597 345 635 Philemo
374 611 420 636 ac
450 598 633 648 Diphilus
664 607 701 637 et
731 599 916 637 inuenere
945 599 1044 637 intra
1078 599 1335 648 paucissimos
1363 613 1488 638 annos

105 933 142 953 10

166 675 293 712 neque
312 662 542 701 imitandam
563 663 762 713 reliquere.
812 663 1137 713 philosophorum
1154 677 1313 713 quoque
1333 663 1489 713 ingenia
1511 681 1527 707 4

165 727 362 766 Socratico
393 741 460 766 ore
491 728 703 766 defluentia
733 728 923 775 omniurn,
945 742 1044 778 quos
1071 729 1189 778 paulo
1214 736 1306 766 ante
1329 742 1488 767 enume-

163 792 343 839 rauimus,
359 800 506 842 quanto
522 801 611 842 post
627 793 800 831 Platonis
817 793 1115 843 Aristotelisque
1136 800 1302 831 mortem
1323 794 1486 831 floruere

162 857 317 905 spatio?
363 857 459 906 quid
502 865 593 896 ante
638 859 849 904 Isocraten,
891 858 986 908 quid
1028 866 1116 907 post
1159 857 1242 896 eius
1289 857 1487 896 auditores
1508 870 1522 898 5

161 935 376 971 eorumque
402 922 626 972 discipulos,
655 925 802 961 clarum
836 923 875 960 in
909 923 1126 961 oratoribus
1160 922 1261 960 fuit?
1315 923 1417 961 adeo
1446 924 1490 960 id

161 988 322 1035 quidem
359 994 526 1025 artatum
559 987 746 1037 angustiis
785 996 1018 1037 temporum,
1059 996 1101 1025 ut
1140 1000 1257 1026 nemo
1296 987 1486 1026 memoria

160 1051 300 1100 dignus
320 1053 415 1089 alter
434 1051 484 1089 ab
503 1053 624 1090 altero
645 1052 769 1090 uideri
789 1052 1018 1103 nequiuerit.

213 1117 354 1166 Neque
384 1118 460 1155 hoc
488 1116 528 1154 in
558 1117 717 1156 Graecis
749 1131 868 1167 quam
897 1117 936 1155 in
968 1117 1159 1156 Romanis
1189 1116 1321 1155 euenit
1348 1116 1480 1166 magis.
1505 1123 1544 1160 17

161 1194 250 1218 nam
271 1180 345 1219 nisi
364 1195 500 1231 aspera
519 1195 564 1220 ac
580 1182 691 1220 rudia
705 1190 856 1232 repetas
873 1190 911 1220 et
925 1182 1076 1220 inuenti
1091 1183 1290 1220 laudanda
1309 1181 1481 1228 nomine,

120 1259 136 1289 5
159 1247 197 1283 in
229 1246 352 1284 Accio
383 1246 563 1296 circaque
594 1260 684 1284 eum
712 1248 896 1285 Romana
923 1246 1122 1296 tragoedia
1151 1254 1209 1284 est
1224 1261 1234 1293 3
1267 1247 1482 1296 dulcesque

163 1311 288 1349 Latini
335 1311 476 1360 leporis
523 1311 685 1349 facetiae
726 1325 794 1361 per
833 1311 1048 1351 Caecilium
1091 1310 1401 1360 Terentiumque
1445 1318 1483 1348 et

159 1376 362 1414 Afranium
401 1376 558 1426 suppari
594 1384 721 1414 aetate
758 1376 967 1415 nituerunt.
1027 1376 1232 1414 historicos
1271 1375 1400 1423 etiarn,
1440 1382 1483 1413 ut
1505 1392 1520 1412 π

164 1441 316 1479 Liuium
357 1454 516 1491 quoque
554 1441 726 1490 priorum
775 1441 892 1479 aetati
940 1442 1128 1487 adstruas,
1171 1448 1321 1490 praeter
1369 1440 1484 1479 Cato-

159 1520 248 1544 nem
277 1514 315 1544 et
344 1507 538 1555 quosdam
577 1513 726 1543 ueteres
758 1514 795 1543 et
829 1506 1018 1544 obscuros
1057 1505 1185 1543 minus
1216 1516 1332 1542 LXXX
1369 1504 1482 1542 annis

97 1581 110 1601 2
157 1571 441 1608 circumdatum
475 1584 617 1608 aeuum
652 1569 749 1616 tulit,
786 1578 827 1607 ut
858 1583 932 1608 nee
970 1578 1173 1619 poetarum
1208 1569 1248 1606 in
1281 1568 1480 1617 antiquius

157 1634 363 1673 citeriusue
393 1634 582 1684 processit
613 1634 778 1672 ubertas.
837 1642 876 1672 at
908 1634 1030 1672 oratio
1057 1648 1103 1672 ac
1129 1634 1188 1671 uis
1214 1632 1379 1671 forensis
1399 1645 1482 1682 per-
1502 1643 1519 1673 3

154 1701 378 1749 fectumque
422 1712 560 1748 prosae
598 1698 847 1748 eloquentiae
884 1700 1016 1745 decus,
1057 1707 1098 1736 ut
1137 1698 1243 1737 idem
1281 1705 1480 1747 separetur

156 1766 257 1802 Fato
279 1764 392 1815 (pace
412 1765 453 1802 P.
478 1763 607 1803 Crassi
628 1763 901 1813 Scipionisque
935 1772 973 1802 et
1001 1763 1108 1802 Laeli
1139 1771 1177 1802 et
1209 1764 1478 1802 Gracchorum

202 1878 214 1897 1
242 1866 436 1906 Sophocleu
460 1866 646 1906 Euripiden
662 1867 694 1897 A
713 1878 719 1896 :
751 1867 850 1897 —clem
874 1868 966 1897 -dem
984 1867 1016 1897 P
1110 1867 1303 1906 tragoedias
1320 1866 1396 1906 ΑΡ,
1416 1877 1477 1898 em.

156 1911 336 1941 Burmann
459 1921 478 1940 2
503 1915 570 1940 una
585 1911 618 1940 A
709 1909 1007 1949 Aristophaneque
1032 1915 1065 1940 et
1092 1910 1211 1941 Orelli:
1234 1910 1478 1949 Aristophane-

156 1965 220 1992 que
237 1954 295 1984 A:
318 1954 547 1993 Aristophane
563 1958 597 1984 et
613 1954 646 1984 P
745 1964 765 1992 3
791 1954 1024 1993 Eupolideque
1060 1954 1241 1993 Gudeman,
1265 1954 1347 1992 fort.
1377 1958 1477 1993 atque

156 1996 321 2036 Eupolide
454 2002 487 2027 at
509 1997 621 2027 Aldus
753 1998 914 2028 comicam
936 1997 1011 2033 ΑΡ,
1033 1997 1121 2037 quod
1137 1996 1314 2027 m'ndicam't
1334 1996 1478 2027 Thomas

156 2051 238 2070 num
263 2051 294 2071 n.
313 2041 401 2071 uiam
426 2043 556 2072 com.‘.2:
589 2041 796 2071 comoediam
822 2040 950 2071 Grnner
1166 2051 1186 2078 4
1211 2039 1400 2070 Menander
1418 2040 1476 2070 A:

155 2084 364 2114 Menandrus
387 2084 419 2114 P
548 2094 616 2114 non
640 2084 714 2116 add.
742 2084 886 2124 Maduzg
902 2088 978 2124 post
1000 2084 1082 2119 eius,
1106 2088 1182 2124 post
1212 2084 1331 2114 aetatis
1362 2083 1478 2113 Haase

153 2137 171 2164 5
197 2127 349 2158 Philemo
366 2128 397 2157 A
416 2138 423 2158 z
449 2123 627 2158 Philemon
648 2128 682 2158 P
809 2128 830 2157 6
853 2128 1013 2158 imitanda
1029 2127 1104 2167 ΑΡ,
1124 2138 1185 2159 cm.
1203 2126 1295 2158 An‘cl.
1376 2126 1474 2156 relin-

153 2181 256 2209 quere
270 2171 303 2200 A
396 2181 413 2210 7
438 2172 537 2210 paulo
550 2171 646 2211 ante]
663 2173 670 2187 ‘
684 2173 717 2202 in
728 2175 823 2212 parte
837 2172 936 2211 operis
952 2171 1128 2211 depm‘dz'ta'
1146 2171 1225 2201 Iani
1309 2170 1329 2200 8
1352 2174 1475 2208 quarto

152 2214 183 2243 A
275 2214 419 2244 ssuruere
436 2214 469 2244 A
595 2225 616 2253 9
642 2215 825 2245 Isocratem
844 2214 912 2244 ΑΡ
1028 2224 1066 2245 10
1089 2215 1121 2245 id
1138 2214 1213 2244 add.
1232 2214 1366 2243 Haase:
1389 2214 1473 2243 adeo

152 2257 286 2295 quidem
308 2258 379 2288 ΑΡ
509 2267 546 2287 12
569 2258 612 2288 ab
627 2258 713 2288 alter
732 2258 773 2288 ab
793 2258 898 2288 altero
914 2258 947 2288 A
969 2258 1041 2299 (sic)
1129 2257 1320 2296 nequiuerit
1336 2256 1450 2286 Aldus
1466 2268 1474 2287 ε

153 2301 367 2339 nequiuerint
383 2299 455 2330 ΑΡ
586 2311 623 2340 15
648 2302 802 2341 circaque
823 2311 938 2331 eorum
952 2301 1029 2341 ΑΡ,
1046 2301 1104 2331 sed
1116 2302 1225 2331 Burer
1241 2306 1247 2317 ⁵
1259 2301 1378 2340 legitur
1391 2300 1475 2330 alias

153 2344 307 2382 circaque
339 2343 523 2384 quorum':
559 2346 715 2384 circaque
744 2356 820 2375 eum
849 2345 926 2375 coni.
953 2345 1079 2375 Burer:
1104 2345 1184 2383 sort.
1212 2344 1367 2382 circaque
1395 2353 1472 2373 eum

151 2388 300 2425 priorum
516 2398 553 2427 17
577 2389 713 2428 suppari
745 2393 811 2420 aet.
836 2387 1025 2418 Acidalius:
1063 2389 1125 2419 sub
1154 2387 1297 2427 paritate
1320 2387 1379 2416 A:
1409 2386 1472 2417 sub

150 2431 221 2468 pari
245 2436 357 2462 aetate
380 2431 413 2461 P
562 2437 595 2463 et
619 2436 655 2462 ut
678 2431 767 2462 AP:
795 2431 897 2462 ‘alias
920 2436 956 2462 ut
979 2431 1030 2462 &¹
1055 2432 1180 2461 Burer:
1213 2431 1313 2460 etiam
1336 2434 1372 2460 ut
1393 2428 1474 2460 Voss

152 2474 188 2503 18
212 2479 346 2505 astruas
362 2475 395 2505 P
486 2484 528 2505 20
551 2485 613 2506 nec
630 2475 680 2506 P:
705 2486 747 2506 ne
764 2475 797 2506 A
931 2484 971 2514 23
998 2475 1081 2506 Lelii
1099 2475 1130 2504 A
1149 2486 1155 2507 2
1183 2473 1286 2504 Laelii
1303 2472 1336 2503 P

785 2556 821 2588 ¹7
1281 2544 1302 2578 2
