1799 2864
485 246 545 283 IN
574 243 865 282 VELLEIVM
897 241 1276 280 PATERCVLVM

221 359 256 388 ef
280 356 397 389 armis
420 358 454 388 et
476 355 612 388 animis
629 354 690 387 sui
699 353 880 398 fuissent,
907 351 940 385 h.
956 362 986 385 e.
1010 350 1120 384 armis
1140 349 1308 391 Romani,
1328 347 1457 382 animis
1485 347 1539 382 sui

223 420 419 457 compotes,
438 423 505 445 nec
531 418 629 444 metu
657 408 816 443 deterriti
834 407 1027 453 quominus
1055 409 1258 441 Germanos
1282 412 1447 440 arcerent
1472 416 1540 439 nec

223 478 359 504 temere
380 469 515 513 impetu
533 467 701 502 abusiad
716 466 888 500 obeunda
906 466 998 498 ultro
1018 464 1236 499 discrimina.

268 538 334 562 120
355 537 376 569 4
401 538 468 560 nec
486 525 677 560 temerario
696 523 845 558 consilio
863 534 930 557 nec
957 522 1059 566 segni
1078 522 1271 566 prudentia
1288 521 1352 555 niti
1376 521 1541 565 specula-

220 585 317 629 tique
336 583 619 628 oportunitatem
637 582 732 616 ferro
750 580 816 615 sibi
839 581 887 614 ad
915 591 1000 614 suos
1020 586 1250 624 peperere-nt-
1267 580 1345 622 (st'c)
1365 589 1539 622 peperere

220 642 384 676 reditum.
403 641 452 675 A.

266 698 495 744 prouidentia
512 699 592 733 PB.
689 697 750 731 uiti
769 698 902 731 Bnrer.
999 695 1053 730 usi
1070 696 1114 729 P.

266 758 327 790 usi
357 756 614 800 interpolatum
649 768 671 789 a
706 755 885 788 Rhenano
920 753 977 787 uix
1016 753 1051 786 in
1091 752 1167 786 istis
1202 753 1286 793 nz‘ti,
1322 753 1397 784 uili
1429 751 1539 784 latere

220 814 333 858 potuit
351 827 358 855 ;
386 814 512 848 melius
528 814 584 848 ed.
603 813 746 857 Bipont.
760 814 836 846 m‘si
852 825 858 846 :
886 812 948 846 sed
965 823 1010 844 ne
1030 810 1080 844 sic
1095 810 1240 855 quidem
1261 816 1405 843 seruata
1424 809 1540 842 littera

217 883 310 916 quae
329 871 469 916 utrique
488 871 686 915 scripturae
714 869 918 904 communis
935 875 989 903 est
1007 872 1032 903 l.
1083 867 1306 901 Thomasius
1326 867 1418 901 coni.
1438 868 1540 908 meli,

219 929 261 963 cf.
289 938 343 971 31.
370 939 401 972 4,
433 939 505 970 124.
526 938 567 963 2:
607 928 813 973 allegatque
840 936 894 970 97.
926 937 937 960 1
970 926 1030 960 ubi
1055 926 1090 959 Α
1120 927 1301 959 uictorum
1336 925 1447 958 habet
1474 935 1540 968 pro

219 987 408 1020 uitiorum.
453 985 521 1019 His
540 984 795 1029 praestabilius
815 985 909 1018 duco
925 982 1168 1017 Heinsianum
1187 984 1268 1023 iuli,
1288 993 1361 1027 quo
1373 982 1540 1025 exemplo

219 1043 367 1077 Tacitus
388 1042 528 1088 scripsit
547 1045 642 1077 Ann.
661 1043 730 1076 xiv.
748 1053 770 1085 4
781 1042 930 1087 placuit
946 1042 1110 1075 sollertia
1128 1043 1288 1084 tempere
1304 1041 1413 1073 eliam
1433 1041 1514 1072 [ula
1533 1052 1539 1079 ;

219 1102 291 1135 iam
310 1109 395 1135 ante
416 1101 609 1135 Heinsium
629 1102 743 1134 Burer
761 1112 803 1134 ex
822 1100 914 1134 coni.
932 1100 1056 1133 adjuti
1071 1105 1254 1143 posuerat.

259 1162 432 1203 peperere
466 1158 696 1193 Cornelissen
737 1159 773 1192 in
810 1161 985 1202 aperuere
1019 1156 1244 1200 corrigebat:
1282 1167 1351 1189 nec
1384 1156 1540 1188 multum

219 1217 336 1260 placet
351 1216 498 1250 auribus
513 1228 530 1249 e
543 1216 803 1261 quinquies‚pe
817 1215 883 1258 bis,
899 1227 937 1248 re
952 1221 1006 1248 ter
1023 1214 1134 1256 (ψέγε
1148 1212 1340 1256 νε-(ίίίιιυῑ)
1358 1213 1538 1246 iteratum.

265 1285 332 1308 120
351 1275 372 1308 6
399 1273 446 1308 ita
474 1274 550 1308 illas
580 1274 759 1316 (catenas)
788 1273 896 1307 inlisit
915 1272 1023 1317 capiti
1052 1284 1117 1306 suo
1145 1278 1183 1305 ut
1213 1271 1377 1316 protinus
1407 1270 1542 1315 pariter

215 1332 403 1376 sanguinis
421 1331 631 1376 cerebrique
650 1331 685 1366 in
706 1331 816 1365 fluuio
834 1331 1013 1375 expiraret
1034 1331 1140 1371 (corr.
1160 1341 1207 1363 αι·
1223 1330 1306 1371 -ret)
1326 1329 1373 1363 A.

265 1390 412 1424 influuio
431 1390 483 1423 P:
511 1389 657 1424 effluuio
675 1390 847 1434 szsl'us:
876 1387 1052 1433 profluuio
1073 1389 1194 1422 δείσῃ.
1212 1399 1260 1421 {m
1280 1386 1489 1421 confluuio?

267 1448 381 1482 Miror
405 1454 458 1482 tot
475 1447 632 1481 editores
659 1459 813 1492 cumque
832 1446 887 1480 his
907 1445 1145 1490 Georgesium
1164 1457 1198 1489 p.
1217 1455 1238 1488 9
1265 1452 1299 1479 et
1322 1443 1539 1478 Milkauium

217 1516 252 1549 p.
280 1514 320 1548 55
350 1504 560 1549 Lipsianam
593 1504 889 1539 emendationem
931 1504 1078 1548 efflum'o
1113 1502 1307 1547 recepisse,
1339 1501 1540 1545 neglexisse

219 1561 460 1596 Gelenianam
473 1562 683 1606 prsfllmioz
716 1562 801 1595 illud
827 1573 894 1595 nec
921 1560 1204 1605 palaeographia
1228 1572 1295 1594 nec
1323 1559 1538 1603 scriptorum

217 1619 397 1653 bonorum
412 1630 498 1652 usus
511 1619 757 1661 commendat,
777 1630 1000 1663 quamquam
1018 1617 1151 1652 Plinius
1168 1619 1215 1651 H.
1234 1619 1279 1652 N.
1293 1616 1349 1651 vii.
1369 1626 1427 1659 171
1451 1616 1538 1650 dixit

208 1677 416 1722 praefandi
425 1678 564 1710 naumis
574 1688 621 1709 ex
631 1679 778 1720 corpore
791 1677 998 1720 efflmlz'um:
1019 1682 1055 1710 at
1062 1675 1309 1720 przfllcuium,
1319 1686 1391 1708 non
1403 1674 1538 1707 Plinius

215 1741 250 1768 et
284 1734 485 1768 Columella
519 1740 672 1775 tantum,
704 1733 858 1778 saepius,
895 1734 958 1767 sed
994 1732 1152 1777 optimus
1187 1740 1316 1767 auctor
1350 1731 1537 1766 latinitatis

219 1790 405 1825 Lucretius
436 1790 579 1835 scripsit
610 1790 655 1831 vi.
688 1799 773 1834 1205
802 1790 1040 1834 Prcfimu'ltm
1064 1793 1180 1834 porro
1213 1792 1282 1834 qui
1310 1791 1425 1823 taem
1451 1801 1539 1822 scm-

208 1851 340 1894 guim's
377 1861 458 1883 acre
488 1851 658 1884 Exierat.
720 1850 794 1883 Sed
833 1856 956 1883 tamen
995 1848 1318 1893 palaeographiam
1355 1847 1383 1882 si
1420 1847 1538 1892 sequi-

217 1919 307 1950 mur,
339 1908 386 1941 ad
412 1908 637 1952 cmzfllcuizmz
664 1907 784 1952 potius
817 1920 860 1942 ea
885 1920 950 1941 nos
985 1907 1106 1942 ducit:
1151 1914 1293 1941 constat
1319 1906 1416 1940 enim
1443 1918 1535 1948 cmlx,

217 1967 255 1999 in
282 1966 490 2010 frequenter
522 1977 544 1999 a
577 1964 729 1999 librariis
756 1964 850 1999 inter
874 1977 913 1999 se
939 1964 1159 2009 permisceri,
1194 1963 1296 1998 cuius
1330 1963 1536 2008 exemplum

216 2022 358 2057 uidetur
369 2030 490 2056 extare
506 2021 540 2056 in
558 2023 688 2057 Catull.
704 2022 784 2057 lxiv,
804 2023 867 2056 116
886 2023 963 2056 Sed
973 2023 1066 2066 quid
1079 2034 1142 2066 ego
1159 2024 1199 2056 in
1213 2024 1337 2066 pssum
1350 2022 1538 2066 dsjgrrcssus

215 2082 378 2114 carmine
389 2080 507 2124 plura
530 2081 807 2114 Commemorem
822 2081 840 2114 ?
867 2079 1032 2124 quamuis
1049 2080 1158 2123 uulgo
1174 2079 1220 2113 ibi
1235 2080 1344 2113 edant
1364 2090 1386 2112 a
1397 2081 1536 2123 primo,

216 2149 299 2171 cum
318 2137 352 2171 in
371 2137 555 2171 codicibus
575 2149 648 2172 non
674 2136 898 2182 interpolatis
922 2137 1094 2171 traditum
1114 2136 1158 2170 sit
1184 2149 1276 2179 cmm,
1296 2136 1394 2181 quod
1413 2148 1496 2169 cum
1514 2149 1537 2169 (ι,

215 2202 461 2239 permutatum
480 2195 594 2229 rarius
607 2195 744 2230 uideas.
779 2195 1014 2239 Cmfiuus'nm
1028 2194 1056 2229 si
1068 2202 1164 2229 recte
1180 2193 1326 2235 conieci,
1339 2193 1403 2228 erit
1420 2194 1537 2227 fluxus

216 2252 402 2296 sanguinis
422 2264 505 2286 cum
524 2254 671 2287 cerebro
687 2253 881 2297 commixti,
902 2254 910 2270 ‘
922 2266 943 2287 a
962 2252 1157 2287 combined
1173 2252 1364 2296 discharge
1377 2253 1414 2285 of
1425 2253 1537 2286 blood

215 2311 288 2344 and
334 2310 436 2345 brairi
449 2312 477 2345 ’t
529 2312 741 2356 plerumque
780 2312 826 2346 de
866 2311 1133 2346 confluentibus
1176 2310 1209 2344 in
1252 2322 1366 2344 unum
1416 2311 1535 2344 locum

216 2367 290 2402 siue
317 2368 420 2413 aquis
447 2367 522 2402 siue
548 2368 665 2403 uentis
701 2368 841 2412 dicitur,
868 2376 905 2403 ut
931 2370 1030 2413 apud
1057 2369 1271 2413 scriptorem
1297 2369 1441 2402 Aetnae
1472 2378 1538 2402 120

214 2430 299 2458 arla
317 2437 452 2459 necesse
469 2430 521 2459 est
540 2426 570 2460 C
569 2427 734 2470 onflum'a
752 2428 914 2461 errantis
939 2431 1127 2460 arcessant
1145 2426 1306 2470 nmisque
1324 2437 1447 2469 uenas,
1467 2435 1534 2469 327

215 2483 395 2528 confllcuc'o
413 2484 532 2518 ueluti
545 2485 733 2529 siponibus
751 2488 855 2519 actus
871 2485 996 2519 Exc'lz't
1014 2484 1211 2530 (spiritus).

845 2550 905 2590 187
