1799 2864
135 609 152 641 5

115 942 153 964 10

115 1266 153 1298 15

115 1590 154 1612 20

716 228 886 266 LIBER
916 229 957 266 II

176 342 401 379 Romanum
428 341 617 379 rationem
644 341 811 378 habere:
840 342 941 379 adeo
968 340 1154 378 familiare
1181 347 1238 378 est
1265 339 1494 378 hominibus

174 407 307 445 omnia
326 406 399 444 sibi
419 406 630 455 ignoscere,
653 405 748 443 nihil
769 406 852 443 aliis
873 405 1078 451 remittere,
1097 413 1134 443 et
1154 405 1343 443 inuidiam
1365 418 1491 442 rerum

174 485 253 509 non
283 472 333 509 ad
362 484 530 517 causam,
562 471 631 508 sed
660 471 711 507 ad
742 471 985 507 uoluntatem
1020 482 1285 518 personasque
1317 468 1489 518 dirigere.

173 537 249 574 hoc
283 537 486 574 consulatu
522 533 733 584 Pompeius
765 534 1011 572 tribuniciam
1046 541 1279 583 potestatem
1314 533 1490 579 restituit,
1511 545 1530 573 4

174 600 283 638 cuius
299 601 405 638 Sulla
424 599 633 649 imaginem
655 602 677 639 †
691 598 730 636 in
751 598 832 636 iure
852 598 1068 647 reliquerat.
1111 599 1205 636 dum
1227 596 1492 635 Sertorianum
1513 615 1529 645 5

174 664 320 702 bellum
340 664 380 702 in
402 663 597 713 Hispania
616 663 768 713 geritur,
792 675 911 701 LX1111
934 662 1085 712 fugitiui
1107 676 1127 701 e
1148 663 1242 700 ludo
1262 661 1493 711 gladiatorio

173 729 311 778 Capua
330 728 593 778 profugientes
614 729 715 766 duce
736 729 933 777 Spartaco,
956 727 1074 777 raptis
1095 741 1141 765 ex
1161 741 1206 765 ea
1227 728 1322 765 urbe
1342 726 1492 776 gladiis,

172 792 297 843 primo
329 793 546 831 Vesuuium
581 801 756 831 montem
791 793 947 842 petiere,
984 806 1074 830 mox
1107 792 1145 829 in
1179 791 1262 830 dies
1296 799 1495 829 crescente

174 858 423 896 multitudine
461 857 643 907 grauibus
682 857 877 907 uariisque
915 857 1070 895 casibus
1108 858 1287 895 adfecere
1328 856 1492 894 Italiam.

173 936 340 972 quorum
370 937 555 961 numerus
585 923 624 960 in
654 930 805 960 tantum
835 922 1020 968 aduleuit,
1043 929 1085 959 ut
1111 935 1189 971 qua
1217 921 1356 959 ultimo
1386 921 1496 959 dimi·
1518 929 1536 960 6

173 1001 311 1026 cauere
331 987 425 1034 acie,
448 987 653 1026 hominum
678 989 695 1032 τι
713 999 768 1025 XL
789 989 896 1025 milla
917 999 1022 1024 DCCC
1044 1000 1084 1024 se
1106 988 1291 1024 Romano
1312 985 1494 1023 exercitui

173 1052 437 1102 opposuerint.
497 1052 611 1090 huius
641 1053 779 1101 patrati
808 1052 929 1102 gloria
955 1065 1075 1101 penes
1107 1053 1162 1089 M.
1196 1052 1381 1090 Crassum
1411 1050 1493 1096 fuit,

174 1132 265 1157 mox
285 1122 307 1157 †
321 1118 374 1156 rei
394 1117 575 1167 publicae
596 1117 772 1155 omnium
789 1122 809 1156 †
830 1117 1058 1166 principem.

227 1184 484 1222 Conuerterat
517 1184 588 1221 Cn.
622 1182 786 1231 Pompei
816 1195 982 1231 persona
1011 1189 1136 1219 totum
1167 1180 1206 1218 in
1239 1194 1279 1218 se
1309 1187 1493 1217 terrarum
1516 1187 1558 1224 31

173 1248 309 1286 orbem
326 1255 363 1286 et
383 1261 451 1297 per
471 1247 604 1285 omnia
623 1247 746 1285 maior
766 1247 852 1284 ciue
873 1246 1099 1284 habebatur.
1159 1244 1226 1294 qui
1247 1258 1336 1282 cum
1358 1245 1495 1282 consul

173 1326 361 1362 perquam
382 1311 627 1350 laudabiliter
647 1311 807 1349 iurasset
828 1325 869 1349 se
890 1311 928 1348 in
950 1312 1096 1348 nullam
1118 1309 1360 1359 prouinciam
1382 1322 1429 1346 ex
1449 1321 1496 1346 eo

175 1377 398 1427 magistratu
425 1376 568 1414 iturum
596 1376 715 1425 idque
742 1383 944 1422 seruasset,
970 1382 1059 1424 post
1086 1373 1289 1412 biennium
1310 1375 1356 1411 A.
1381 1373 1497 1411 Gabi-
1521 1384 1535 1404 2

174 1442 260 1480 nius
292 1442 470 1480 tribunus
502 1443 627 1490 legem
659 1441 756 1487 tulit,
784 1449 825 1478 ut
855 1454 944 1478 cum
975 1439 1067 1477 belli
1097 1452 1215 1485 more,
1239 1451 1319 1476 non
1350 1437 1498 1475 latroci-

174 1507 339 1553 niorum,
370 1507 506 1545 orbem
536 1506 724 1544 classibus
754 1505 842 1552 iarn,
877 1519 956 1543 non
988 1504 1138 1542 furtiuis
1169 1502 1496 1552 expeditionibus,

174 1572 318 1621 piratae
348 1578 533 1609 terrerent
567 1572 838 1620 quasdamque
872 1570 989 1608 etiam
1021 1569 1157 1607 Italiae
1187 1568 1292 1605 urbis
1322 1567 1498 1616 diripuis-

173 1644 270 1683 sent,
303 1637 374 1675 Cn.
408 1635 619 1685 Pompeius
648 1636 699 1673 ad
728 1648 795 1673 eos
825 1634 1105 1684 opprimendos
1136 1633 1350 1670 mitteretur
1384 1640 1499 1670 esset-

173 1714 250 1750 que
289 1700 325 1738 ei
371 1700 577 1749 imperium
620 1713 790 1748 aequum
833 1699 873 1737 in
921 1698 1104 1737 omnibus
1148 1696 1359 1746 prouinciis
1407 1710 1496 1734 cum

173 1765 473 1814 proconsulibus
497 1778 621 1814 usque
647 1766 697 1803 ad
718 1763 1086 1813 quinquagesimum
1114 1762 1320 1800 miliarium
1347 1775 1370 1799 a
1390 1762 1496 1800 mari.

216 1880 235 1907 4
261 1873 463 1907 potestatem
490 1868 658 1899 Gelenius:
692 1867 726 1899 P.
746 1867 817 1897 ΑΡ
902 1876 921 1905 5
947 1867 1018 1897 sine
1042 1877 1078 1896 re
1098 1866 1245 1896 Gelenius
1332 1866 1353 1895 6
1377 1875 1498 1895 Lxxl111

174 1912 316 1952 Lipsius,
343 1913 379 1951 cf.
399 1912 471 1942 Liu.
492 1912 578 1952 Epir.
597 1921 638 1950 95
762 1921 779 1950 7
804 1915 919 1950 sparta
941 1910 1085 1949 coraptis
1098 1910 1130 1938 Α
1149 1920 1156 1939 2
1181 1913 1210 1940 δε
1228 1909 1299 1947 del„
1316 1908 1387 1938 dein
1405 1919 1447 1938 ex
1464 1909 1496 1937 A

173 1958 194 1986 8
218 1957 249 1985 in
281 1956 353 1985 dies
385 1966 428 1987 cr.
460 1955 518 1986 A:
556 1966 601 1986 cr.
631 1955 662 1984 in
693 1955 765 1985 dies
788 1954 821 1983 P
962 1965 982 1993 9
1006 1954 1122 1984 adfaec.
1151 1952 1183 1981 A
1331 1962 1369 1982 10
1393 1952 1499 1982 creuit

173 2011 245 2049 del„
263 2012 333 2041 dein
351 2011 498 2041 aduleuit
515 2011 547 2040 A
638 2021 703 2049 quo
722 2011 836 2040 ultima
852 2009 884 2039 A
902 2020 909 2040 :
933 2020 998 2048 qua
1014 2010 1131 2039 ultimo
1148 2008 1181 2037 P
1313 2017 1347 2036 11
1375 2017 1499 2037 XLaccc

174 2055 345 2085 hominum
358 2054 447 2085 AP:
473 2055 635 2084 mutam'a
651 2055 685 2084 in
704 2065 746 2089 ιο,
765 2054 801 2093 cf.
821 2054 880 2085 Cic.
901 2053 938 2082 de
954 2054 1031 2092 Rep.
1047 2064 1075 2083 2.
1090 2063 1140 2082 20.
1154 2052 1218 2090 36:
1242 2061 1286 2081 XL
1302 2062 1339 2081 ac
1358 2061 1395 2080 CC
1412 2050 1499 2080 milia

175 2099 329 2137 Lam-ent,
345 2108 408 2136 quo
420 2099 844 2137 signficmz’ntur24omoo.
894 2097 1020 2136 Quidni
1030 2097 1171 2135 4o,2003
1197 2095 1226 2125 lt.
1240 2105 1262 2125 e.
1277 2094 1499 2133 quadraginta

176 2143 268 2171 milia
285 2153 321 2171 ac
335 2141 478 2171 ducenti:
506 2151 546 2171 XC
564 2142 653 2171 milia
674 2141 753 2170 Voss
856 2140 1007 2170 exercitu
1025 2140 1057 2168 A
1218 2149 1256 2176 13
1281 2138 1429 2167 omnium
1447 2136 1498 2166 P:

175 2186 263 2215 omni
281 2185 313 2214 A
332 2197 339 2215 :
365 2185 509 2214 Romani
528 2185 670 2215 nominis
686 2183 846 2214 Ruhnken
861 2195 868 2214 t
894 2183 974 2222 reip.
994 2194 1054 2222 per
1071 2182 1182 2212 omnia
1199 2181 1354 2220 quvsszgr
1368 2185 1396 2209 et
1410 2181 1497 2209 Lau-

177 2232 261 2260 rent:
288 2229 434 2258 omnium
451 2228 663 2258 consessione
675 2228 789 2267 Bergk,
810 2228 848 2266 cf.
865 2237 914 2265 43.
935 2237 966 2266 3,
981 2237 1063 2256 num
1081 2226 1228 2255 omnium
1245 2234 1411 2254 consensu
1428 2226 1437 2254 ἓ
1461 2223 1497 2261 cf.

174 2282 226 2310 32.
244 2282 270 2308 1,
288 2282 332 2301 an
349 2272 611 2310 amplissimum?
746 2280 782 2309 15
801 2271 905 2300 maior
922 2271 995 2300 ciue
1014 2269 1188 2300 Heinsius:
1216 2269 1339 2298 maiore
1358 2268 1389 2296 ui
1408 2266 1498 2296 AP:

171 2315 246 2353 sort.
261 2316 325 2345 ciui
505 2325 541 2353 17
568 2315 672 2353 magis
689 2320 760 2344 erat
786 2315 930 2344 uiturum
947 2313 1020 2350 del„
1038 2313 1110 2342 dein
1126 2318 1286 2352 suprascr.
1303 2311 1498 2348 magistratu

176 2359 300 2389 iturum
316 2358 349 2387 A
465 2359 503 2387 18
527 2364 561 2388 ut
579 2369 653 2388 cum
669 2363 706 2388 ut
724 2358 792 2393 (sic)
810 2357 842 2386 A
979 2367 1021 2387 20
1044 2360 1194 2386 tererent
1212 2355 1281 2387 del„
1305 2353 1375 2383 dein
1393 2358 1498 2382 terre<

176 2407 249 2432 rent
266 2402 298 2431 A
391 2402 491 2432 etiam
506 2412 569 2432 om.
584 2401 617 2430 A
708 2402 808 2431 urbes
822 2400 854 2429 A
979 2410 1016 2430 21
1037 2400 1218 2429 mittendos
1236 2398 1292 2427 del.
1313 2400 1388 2426 ante
1404 2406 1498 2436 oppr.

175 2444 208 2474 A
343 2455 382 2474 22
400 2456 520 2475 ecuum
538 2445 606 2484 del„
625 2444 696 2474 dein
712 2450 870 2484 suprascr.
890 2454 1011 2482 equum
1028 2443 1061 2472 A
1190 2452 1230 2481 23
1247 2441 1350 2471 amari
1368 2439 1399 2468 A

810 2550 851 2580 49
1313 2533 1335 2565 4
