1799 2864
726 226 896 262 LIBER
927 226 966 262 II

188 340 209 375 †
224 335 467 374 historiarum
489 348 535 373 ex
559 337 639 373 alto
653 339 674 375 †
695 335 879 382 redditur,
902 335 941 373 in
965 349 1011 373 ea
1034 335 1193 385 iugulati
1220 336 1316 374 ciuis
1339 336 1508 375 Romani

188 400 343 449 publice
376 399 674 438 constitueretur
701 407 1052 446 auctoramentum,
1074 399 1365 449 plurimumque
1395 402 1510 439 habe-

188 474 253 512 ret,
287 464 352 514 qui
390 464 578 513 plurimos
609 463 878 510 interemisset,
915 477 1043 513 neque
1077 464 1195 502 occisi
1230 465 1352 503 hostis
1391 479 1509 515 quam

187 529 282 567 ciuis
321 528 477 566 uberius
515 530 613 567 foret
656 528 885 578 praemium,
926 530 1113 578 fieretque
1154 529 1321 578 quisque
1362 543 1510 568 merces

149 611 162 637 ,ι
187 593 320 632 mortis
340 607 442 631 suae.
501 607 574 632 nec
595 601 746 631 tantum
771 593 810 631 in
837 607 915 640 eos,
939 593 1005 643 qui
1032 601 1167 631 contra
1197 607 1304 631 arma
1330 596 1508 641 tulerant,

128 932 164 952 10

127 1580 165 1600 20

186 659 255 696 sed
275 658 314 695 in
339 659 482 696 multos
509 658 674 696 insontis
706 657 908 696 saeuitum.
966 658 1163 696 adiectum
1192 658 1320 704 etiam,
1343 665 1384 695 ut
1405 659 1510 696 bona

187 723 490 772 proscriptorum
529 723 707 761 uenirent
747 722 971 772 exclusique
1010 722 1180 772 paternis
1219 723 1361 772 opibus
1400 723 1509 761 liberi

185 786 302 824 etiam
333 788 593 836 petendorum
628 789 823 825 honorum
857 787 938 826 iure
969 787 1268 837 prohiberentur
1301 787 1508 837 simulque,

186 853 294 900 quod
332 852 646 901 indignissimum
681 861 749 899 est,
783 860 1007 890 senatorum
1041 852 1107 890 filii
1142 861 1180 890 et
1213 866 1332 890 onera
1363 853 1510 891 ordinis

185 916 419 954 sustinerent
439 924 476 954 et
496 916 578 954 iura
598 918 814 966 perderent.

238 982 319 1020 Sub
349 983 564 1020 aduentum
594 982 633 1019 in
665 982 818 1020 Italiam
850 984 891 1020 L.
915 984 1044 1020 Sullae
1075 983 1146 1021 Cn.
1171 982 1394 1031 Pompeius,
1427 982 1509 1021 eius

185 1048 256 1085 Cn.
282 1046 445 1095 Pompei
466 1046 577 1093 filius,
600 1060 718 1096 quem
739 1046 1142 1096 magnificentissimas
1163 1060 1222 1084 res
1243 1046 1282 1084 in
1303 1049 1509 1085 consulatu

184 1110 347 1160 gessisse
363 1111 467 1149 bello
485 1111 656 1149 Marsico
672 1111 944 1160 praediximus,
960 1123 1067 1148 xxm
1085 1125 1210 1149 annos
1227 1118 1351 1158 natus,
1366 1112 1511 1150 abhinc

186 1188 310 1213 annos
331 1187 432 1213 CX111
448 1174 607 1224 priuatis
628 1184 669 1213 ut
690 1176 842 1225 opibus,
860 1176 913 1213 ita
929 1175 1100 1214 consiliis
1121 1189 1262 1225 magna
1276 1189 1393 1214 ausus
1410 1189 1512 1225 mag-

150 1257 165 1286 5
188 1239 381 1289 nificeque
397 1248 538 1277 conata
553 1248 768 1287 exsecutus,
787 1242 837 1278 ad
854 1240 1134 1278 uindicandam
1151 1240 1512 1290 restituendamque

187 1304 415 1354 dignitatem
436 1304 581 1353 patriae
602 1305 757 1342 firmum
779 1318 824 1342 ex
843 1318 935 1354 agro
953 1304 1110 1350 Piceno,
1129 1304 1195 1354 qui
1216 1312 1320 1342 totus
1341 1304 1511 1353 paternis

1531 999 1585 1036 29

186 1369 267 1407 eius
294 1369 483 1407 clientelis
510 1370 670 1407 refertus
697 1377 787 1416 erat,
811 1369 1001 1407 contraxit
1027 1369 1262 1407 exercitum:
1303 1369 1413 1407 cuius
1440 1369 1511 1407 uiri
1534 1383 1547 1403 2

187 1434 414 1483 magnitudo
445 1435 657 1471 multorum
688 1434 936 1472 uoluminum
967 1434 1086 1472 instar
1120 1433 1245 1483 exigit,
1279 1435 1348 1472 sed
1383 1433 1510 1483 operis

187 1499 328 1536 modus
359 1498 493 1547 paucis
524 1512 610 1536 eam
643 1498 785 1536 narrari
817 1498 935 1536 iubet.
994 1498 1065 1536 fuit
1100 1498 1162 1536 hic
1196 1498 1349 1548 genitus
1389 1506 1510 1536 matre

188 1563 337 1601 Lucilia
363 1563 489 1612 stirpis
519 1563 746 1610 senatoriae,
769 1565 893 1602 forma
920 1565 1124 1609 excellens,
1147 1576 1227 1601 non
1255 1576 1310 1609 ea,
1334 1576 1411 1612 qua
1438 1565 1509 1601 flos

185 1629 484 1665 commendatur
523 1627 670 1674 aetatis,
712 1629 781 1666 sed
823 1642 869 1665 ex
907 1627 1094 1677 dignitate
1133 1627 1432 1676 constantiaque
1470 1627 1509 1665 in

185 1691 287 1729 illam
328 1691 590 1730 conueniente
627 1692 929 1741 amplitudinem
969 1706 1069 1742 quae
1108 1693 1303 1730 fortunam
1339 1692 1421 1730 eius
1459 1695 1509 1731 ad

184 1756 363 1794 ultimum
391 1756 493 1794 uitae
520 1755 705 1794 comitata
736 1764 793 1794 est
820 1756 937 1803 diem,
959 1756 1186 1794 innocentia
1206 1756 1380 1803 eximius,
1403 1771 1511 1795 sanc-

183 1820 291 1859 titate
311 1821 553 1870 praecipuus,
577 1821 802 1870 eloquentia
822 1821 987 1867 medius,
1002 1821 1213 1871 potentiae,
1232 1835 1332 1870 quae
1348 1822 1509 1860 honoris

229 1934 242 1953 1
269 1925 493 1954 historiarium
518 1923 570 1955 P:
598 1924 812 1954 historiarum
837 1923 928 1954 AB:
960 1924 1114 1954 histrioni
1140 1924 1306 1956 Gelenius:
1340 1925 1508 1956 histrioni-

184 1978 294 1998 carum
318 1967 469 2007 Popnm:
490 1967 571 2006 sort.
597 1967 751 1998 histrioni
776 1968 972 1998 iniuriarum
1001 1968 1211 2006 (iniuriarum
1236 1968 1304 1997 iam
1328 1967 1505 2007 Pithoeus),

184 2012 234 2040 uel
249 2011 401 2041 histrioni
425 2011 727 2041 extraordinarium
853 2021 895 2040 ex
913 2012 978 2042 alto
995 2011 1085 2042 AP:
1118 2012 1252 2042 exoleto
1275 2011 1440 2044 Gelenius:
1467 2024 1507 2043 ex

183 2055 258 2085 albo
287 2054 448 2094 Pithoeus,
479 2054 620 2094 Lipsius,
649 2054 856 2085 Mommsen:
894 2059 1014 2085 exacto
1042 2055 1206 2085 Ruhnken
1362 2055 1506 2086 Romani

183 2098 313 2137 publice
338 2097 526 2128 Puteanus:
552 2098 593 2128 R.
619 2098 762 2136 publicae
779 2098 834 2129 A:
870 2098 967 2137 Reip.
992 2098 1026 2127 P
1154 2108 1172 2137 5
1197 2103 1325 2128 tantum
1348 2099 1508 2130 Vrsinus:

184 2147 296 2172 tamen
324 2140 395 2170 ΑΡ
538 2151 559 2179 9
584 2141 628 2171 fili
645 2141 677 2170 A
839 2151 877 2171 12
902 2142 1053 2181 Pompeii
1070 2141 1104 2171 P
1225 2142 1400 2172 consulatu
1418 2142 1482 2171 ΒΑ
1501 2155 1508 2173 :

183 2201 301 2226 senatu
326 2195 358 2225 P
503 2205 539 2234 13
564 2206 650 2226 xxm
675 2196 731 2226 A:
760 2206 857 2227 xxm.
880 2195 914 2225 P
1022 2206 1061 2234 14
1084 2206 1167 2226 cx111
1191 2196 1248 2226 A:
1273 2207 1368 2227 cxm.
1391 2196 1442 2227 P:
1467 2207 1508 2227 cx

184 2239 278 2269 Kritz
399 2248 435 2276 15
461 2249 554 2270 exec.
571 2239 643 2268 AP
764 2241 802 2269 16
825 2240 958 2279 picaeno
975 2240 1045 2270 del..
1063 2239 1135 2270 dein
1154 2245 1312 2279 suprascr.
1334 2241 1455 2279 piceno
1472 2241 1504 2269 A

185 2293 223 2321 ¹9
247 2292 320 2312 eam
348 2281 480 2312 Halm:
516 2293 591 2312 eum
620 2281 690 2311 ΑΡ
851 2293 889 2313 21
920 2294 962 2313 ex
987 2282 1058 2312 ΑΡ
1168 2284 1425 2322 constantiaque
1456 2282 1508 2313 P:

182 2326 392 2363 costientiaq.
424 2331 579 2362 suprascr.
616 2326 814 2365 costantiaq.
842 2327 875 2356 A
1025 2337 1066 2356 22
1091 2327 1315 2356 conueniente
1341 2327 1505 2357 Lam-ent:

183 2369 393 2399 conueniens
430 2368 519 2400 AP:
566 2370 820 2408 constantiaque
856 2381 942 2409 quae
979 2371 997 2401 i.
1037 2371 1054 2400 i.
1091 2370 1301 2399 conueniens
1331 2370 1443 2399 Aldus
1479 2374 1508 2399 et

187 2413 345 2452 Wopkens
510 2423 597 2451 quae
633 2413 798 2444 fortunam
834 2413 996 2444 Lam-ent:
1052 2413 1287 2451 fortunamque
1325 2412 1400 2449 ΑΡ,
1438 2413 1508 2443 m'de

181 2455 324 2495 Maduzg
351 2455 490 2486 Aduers.
512 2456 543 2488 ii.
568 2467 599 2496 p.
619 2466 682 2495 302
835 2458 908 2487 eius
932 2456 1002 2486 ΑΡ
1174 2466 1214 2495 23
1239 2456 1391 2486 ultimum
1416 2456 1506 2487 BA:

182 2499 329 2530 ultimam
346 2498 378 2528 P

821 2559 862 2593 47
