1799 2864
683 187 884 224 VELLEI
916 187 1234 225 PATERCVLI

258 315 273 336 2
295 297 465 336 maximo
485 299 535 336 ad
556 298 768 348 principale
788 301 958 338 extulere
978 299 1184 349 fastigium,
1202 307 1240 338 et
1259 299 1327 349 qui
1343 299 1511 349 equestri
1532 301 1620 338 loco

294 370 429 400 natum
461 364 523 412 Sp.
557 363 773 402 Caruilium
807 372 845 402 et
875 377 966 402 mox
998 366 1051 402 M.
1085 366 1291 410 Catonem,
1324 378 1472 402 nouum
1503 364 1618 402 etiam

294 428 479 474 Tusculo,
499 427 603 465 urbis
624 427 870 477 inquilinum,
891 428 1211 478 Mummiumque
1233 428 1450 466 Achaicum
1471 428 1510 466 in
1532 442 1622 467 con-

259 502 276 532 5
294 493 454 538 sinatus,
476 505 660 530 censuras
681 500 718 530 et
739 492 958 542 triumphos
982 506 1205 542 prouexere,
1228 501 1265 531 et
1292 492 1359 542 qui
1380 494 1423 532 C.
1450 492 1619 530 Marium

294 556 450 606 ignotae
479 557 636 607 originis
667 572 791 607 usque
820 560 871 596 ad
900 567 1052 596 sextum
1082 560 1330 596 consulatum
1361 558 1444 596 sine
1470 558 1621 596 dubita·
1641 575 1657 606 5

293 622 400 661 tione
418 624 589 662 Romani
610 624 780 662 nominis
796 625 968 662 habuere
989 624 1215 674 principem,
1231 633 1268 662 et
1285 624 1351 674 qui
1370 626 1423 662 M.
1443 626 1462 668 †
1480 624 1620 662 Fuluio

293 696 444 725 tantum
475 688 654 735 tribuere,
692 696 732 726 ut
764 702 889 738 paene
919 688 1191 726 adsentatione
1226 702 1295 726 sua
1328 688 1471 737 quibus
1503 690 1620 726 uellet

293 751 530 802 principatus
558 752 793 799 conciliaret,
816 752 962 801 quique
983 752 1078 790 nihil
1106 752 1244 790 Asinio
1266 752 1433 790 Pollioni
1458 766 1621 802 negaue-

293 824 392 863 runt,
416 819 524 866 quod
555 816 808 855 nobilissimis
843 830 999 854 summo
1020 830 1110 854 cum
1131 818 1274 854 sudore
1294 819 1619 866 consequendum

294 882 402 927 foret,
426 883 601 930 profecto
628 882 705 919 hoc
732 888 947 927 senserunt,
970 880 1009 918 in
1037 880 1319 930 cuiuscumque
1345 881 1478 919 animo
1498 881 1620 919 uirtus
1643 898 1681 919 10

256 944 448 992 4inesset‚
489 945 524 983 ei
572 945 783 995 plurimum
828 959 913 983 esse
955 945 1218 984 tribuendum.
1296 947 1393 984 haec
1438 946 1621 984 naturalis

293 1010 461 1060 exempli
493 1010 658 1048 imitatio
689 1012 740 1049 ad
778 1010 1058 1060 experiendum
1098 1011 1281 1049 Seianum
1318 1012 1538 1057 Caesarem,
1570 1012 1621 1048 ad

293 1075 465 1113 iuuanda
503 1089 596 1114 uero
628 1089 747 1114 onera
780 1075 964 1126 principis
1004 1076 1188 1114 Seianum
1228 1076 1397 1126 propulit
1429 1084 1622 1114 senatum-

291 1154 368 1190 que
407 1148 444 1178 et
484 1143 675 1190 populum
719 1143 946 1179 Romanum
989 1155 1036 1179 eo
1077 1141 1266 1191 perduxit,
1307 1149 1359 1188 ut,
1399 1142 1508 1190 quod
1548 1155 1619 1179 usu

292 1204 484 1254 optimum
515 1205 713 1255 intellegit,
745 1205 785 1244 id
819 1205 858 1243 in
889 1207 1050 1244 tutelam
1084 1206 1299 1244 securitatis
1331 1219 1423 1244 suae
1457 1205 1622 1244 libenter
1643 1223 1680 1254 15

291 1270 471 1307 aduocet.

201 1344 274 1380 129
348 1336 426 1373 Sed
465 1335 665 1385 proposita
706 1336 817 1385 quasi
855 1336 1038 1375 uniuersa
1075 1336 1313 1386 principatus
1352 1336 1411 1374 Ti.
1445 1336 1621 1376 Caesaris

283 1400 386 1448 facie
419 1400 571 1450 singula
612 1415 896 1439 recenseamus.
956 1415 1034 1451 qua
1082 1402 1145 1440 ille
1192 1401 1400 1451 prudentia
1449 1403 1622 1440 Rhascu-

293 1464 425 1513 polim,
466 1465 785 1515 interemptorem
824 1466 947 1504 fratris
987 1466 1046 1504 sui
1084 1466 1137 1504 fili
1177 1466 1311 1516 Cotyis
1350 1467 1621 1516 consortisque

291 1529 468 1568 eiusdem
489 1530 637 1580 imperi,
663 1533 832 1569 Romam
855 1531 1060 1569 euocauit!
1118 1531 1300 1581 singulari
1324 1531 1363 1569 in
1391 1545 1438 1570 eo
1463 1531 1621 1581 negotio
1645 1549 1683 1569 20

293 1608 384 1632 usus
415 1608 533 1644 opera
564 1595 693 1633 Flacci
715 1596 910 1645 Pomponi
941 1596 1155 1634 consularis
1185 1596 1268 1642 uiri,
1295 1596 1374 1634 nati
1403 1597 1454 1634 ad
1488 1596 1621 1635 omnia

291 1673 392 1709 quae
438 1669 541 1699 recte
589 1661 769 1700 facienda
813 1670 914 1708 sunt,
957 1661 1203 1711 simplicique
1250 1661 1392 1699 uirtute
1437 1662 1620 1700 merentis

258 1744 270 1763 ,ν
292 1739 455 1775 semper,
479 1740 695 1776 numquam
717 1727 908 1777 captantis
929 1727 1100 1777 gloriam.
1156 1741 1245 1765 cum
1268 1735 1414 1776 quanta
1433 1727 1621 1776 grauitate

339 1840 351 1858 1
372 1834 405 1859 et
418 1829 473 1868 qui
488 1830 635 1869 equestri
654 1830 799 1860 Fr5l1licl1
817 1842 824 1860 :
849 1835 881 1860 et
898 1841 984 1869 eque
999 1831 1166 1869 aequestri
1185 1830 1216 1859 A
1235 1842 1241 1861 ε
1267 1836 1299 1860 et
1313 1831 1462 1869 equestri
1476 1830 1508 1860 P
1601 1841 1621 1870 3

286 1876 361 1912 post
377 1873 520 1903 Tusculo
543 1874 738 1912 iuletJnuzxi,
762 1877 791 1903 et
807 1875 852 1903 sic
869 1878 943 1903 aule
963 1885 1014 1903 me
1029 1873 1175 1903 Laurmt
1322 1875 1342 1902 6
1366 1874 1473 1903 Tullio
1490 1873 1622 1913 Lz'pSt'us

293 1918 312 1946 8
337 1917 561 1955 principatum
574 1917 729 1956 quvsszgr
860 1918 1055 1948 consiliaret
1067 1918 1099 1946 A
1240 1928 1276 1947 12
1303 1928 1385 1947 uero
1403 1918 1474 1951 (leh,
1489 1917 1561 1947 dein
1579 1919 1619 1948 ad

293 1960 480 1989 iuuandaA
496 1971 502 1990 z
531 1960 676 1990 leuanda
695 1960 831 1990 Cludz'us
965 1971 1003 1999 13
1028 1961 1174 2000 propulit
1186 1961 1374 1992 Act'dalius:
1402 1961 1539 2000 protulit
1554 1961 1625 1990 ΑΡ

296 2014 333 2041 ¹4
358 2004 518 2042 perduxit
537 2003 588 2033 P:
622 2004 782 2043 produxit
802 2004 867 2033 BA
971 2014 1008 2042 15
1027 2004 1183 2042 intelligit
1200 2004 1232 2033 A
1250 2016 1256 2034 :
1281 2005 1446 2043 intellegit
1462 2004 1495 2034 P
1584 2015 1619 2043 17

291 2047 387 2086 quasi
416 2047 500 2078 AF:
536 2048 682 2086 imagine
702 2048 823 2077 Fris—bel
909 2047 980 2078 Tib.
1010 2048 1060 2078 P:
1085 2048 1120 2077 T.
1142 2048 1174 2077 A
1314 2050 1351 2078 18
1380 2048 1464 2078 facie
1489 2048 1620 2087 scripSi:

293 2092 398 2120 forma
415 2090 598 2120 Rhenanus
616 2095 644 2120 et
664 2091 778 2129 Burer,
802 2092 901 2129 quasi
918 2092 993 2121 lzinc
1006 2091 1155 2122 cm'derz't,
1174 2091 1261 2129 infra
1274 2095 1349 2131 post
1365 2092 1494 2131 imperii
1513 2095 1619 2120 lmus-

287 2134 561 2174 post'ltcmfuen't:
588 2134 676 2173 quod
689 2135 843 2164 incertum
860 2138 906 2164 est
975 2135 1145 2173 singulare
1158 2145 1355 2165 censeamus
1366 2135 1397 2164 A
1512 2145 1550 2172 19
1575 2135 1620 2164 fili

293 2177 324 2206 A
417 2178 536 2216 Cotyis
563 2177 740 2208 Heinsius:
779 2178 906 2216 Cotyss
932 2179 990 2208 A:
1024 2180 1131 2217 Cotys
1157 2178 1189 2207 P
1332 2189 1374 2208 ρο
1399 2179 1528 2217 imperii
1555 2178 1625 2207 ΑΡ

293 2221 437 2250 Romam
454 2220 592 2250 Vrsinus
607 2233 613 2251 :
635 2222 772 2252 formam
786 2221 904 2252 ABP:
936 2221 1229 2252 Vrsz'niemendatio
1245 2223 1276 2251 si
1293 2233 1368 2251 uera
1381 2225 1433 2253 est.
1449 2226 1484 2250 ul
1497 2221 1625 2251 uidetur

292 2275 365 2297 csse,
394 2264 476 2293 cadit
501 2265 741 2304 argumentatio
766 2264 922 2295 Rlzeuanr'
945 2269 974 2294 et
992 2265 1111 2295 Burem'
1132 2265 1239 2295 forma
1266 2266 1412 2305 superius
1435 2266 1510 2294 hinc
1533 2275 1619 2293 reuo-

292 2308 448 2338 crmll'um.
495 2307 585 2337 Nam
604 2319 690 2338 mero
709 2319 810 2337 errore
830 2308 972 2339 Romam
997 2310 1029 2338 iu
1050 2309 1191 2339 formam
1213 2309 1288 2338 abiit
1404 2319 1441 2338 21
1470 2318 1570 2347 opere
1587 2308 1619 2337 A

295 2351 472 2389 Pomponii
490 2351 561 2380 ΑΡ
714 2362 755 2390 23
780 2362 959 2391 numquam
980 2353 1096 2383 Orelli:
1129 2363 1226 2391 quam
1244 2352 1313 2381 AF
1406 2362 1479 2383 cum
1497 2358 1620 2390 quanta

290 2394 380 2425 AP:
395 2395 536 2433 fortasse
553 2405 626 2425 nam
644 2400 770 2433 quanta
786 2405 861 2425 cum

942 2513 1002 2544 140
