<?xml version="1.0" encoding="UTF-8"?>
<!DOCTYPE html PUBLIC "-//W3C//DTD XHTML 1.0 Transitional//EN"
    "http://www.w3.org/TR/xhtml1/DTD/xhtml1-transitional.dtd">
<html xmlns="http://www.w3.org/1999/xhtml" xml:lang="en" lang="en">
 <head>
  <title>
</title>
<meta http-equiv="Content-Type" content="text/html;charset=utf-8" />
  <meta name='ocr-system' content='tesseract 3.04.00' />
  <meta name='ocr-capabilities' content='ocr_page ocr_carea ocr_par ocr_line ocrx_word'/>
</head>
<body>
  <div class='ocr_page' id='page_1' title='image "admvinciumlibrid00velluoft_0200.png"; bbox 0 0 1799 2864; ppageno 0'>
   <div class='ocr_carea' id='block_1_1' title="bbox 595 192 1345 231">
    <p class='ocr_par' dir='ltr' id='par_1_1' title="bbox 595 192 1345 231">
     <span class='ocr_line' id='line_1_1' title="bbox 595 192 1345 231; baseline 0 -1"><span class='ocrx_word' id='word_1_1' title='bbox 595 192 1052 230; x_wconf 89' lang='lat' dir='ltr'><strong>COMMENTARIVS</strong></span> <span class='ocrx_word' id='word_1_2' title='bbox 1083 193 1345 231; x_wconf 89' lang='lat' dir='ltr'>CRITICVS</span> 
     </span>
    </p>
   </div>
   <div class='ocr_carea' id='block_1_2' title="bbox 306 302 1638 1045">
    <p class='ocr_par' dir='ltr' id='par_1_2' title="bbox 307 302 1630 395">
     <span class='ocr_line' id='line_1_2' title="bbox 308 302 1630 348; baseline 0.001 -11"><span class='ocrx_word' id='word_1_3' title='bbox 308 304 352 345; x_wconf 80' lang='lat' dir='ltr'>P,</span> <span class='ocrx_word' id='word_1_4' title='bbox 371 303 471 347; x_wconf 82' lang='lat' dir='ltr'>quod</span> <span class='ocrx_word' id='word_1_5' title='bbox 481 303 685 336; x_wconf 77' lang='lat' dir='ltr'><em>Rhenanus</em></span> <span class='ocrx_word' id='word_1_6' title='bbox 701 304 739 336; x_wconf 85' lang='lat' dir='ltr'>z&#39;n</span> <span class='ocrx_word' id='word_1_7' title='bbox 758 315 875 348; x_wconf 80' lang='lat' dir='ltr'>marg.</span> <span class='ocrx_word' id='word_1_8' title='bbox 895 305 1054 337; x_wconf 75' lang='lat' dir='ltr'>correxit</span> <span class='ocrx_word' id='word_1_9' title='bbox 1070 302 1299 338; x_wconf 85' lang='lat' dir='ltr'><strong>interfecerat</strong></span> <span class='ocrx_word' id='word_1_10' title='bbox 1320 302 1396 346; x_wconf 79' lang='lat' dir='ltr'>(uel</span> <span class='ocrx_word' id='word_1_11' title='bbox 1410 302 1630 343; x_wconf 71' lang='lat' dir='ltr'>confecerat)</span> 
     </span>
     <span class='ocr_line' id='line_1_3' title="bbox 307 359 758 395; baseline 0 0"><span class='ocrx_word' id='word_1_12' title='bbox 307 361 357 395; x_wconf 90' lang='lat' dir='ltr'>ita</span> <span class='ocrx_word' id='word_1_13' title='bbox 374 367 498 394; x_wconf 88' lang='lat' dir='ltr'>tamen</span> <span class='ocrx_word' id='word_1_14' title='bbox 517 367 555 394; x_wconf 91' lang='lat' dir='ltr'>ut</span> <span class='ocrx_word' id='word_1_15' title='bbox 572 360 619 394; x_wconf 91' lang='lat' dir='ltr'>ad</span> <span class='ocrx_word' id='word_1_16' title='bbox 639 359 758 395; x_wconf 91' lang='lat' dir='ltr'>ictum.</span> 
     </span>
    </p>

    <p class='ocr_par' dir='ltr' id='par_1_3' title="bbox 306 417 1636 812">
     <span class='ocr_line' id='line_1_4' title="bbox 354 417 1634 463; baseline 0.001 -12"><span class='ocrx_word' id='word_1_17' title='bbox 354 419 551 452; x_wconf 77' lang='lat' dir='ltr'><em>Laodiciae</em></span> <span class='ocrx_word' id='word_1_18' title='bbox 564 424 659 452; x_wconf 89' lang='lat' dir='ltr'>recte</span> <span class='ocrx_word' id='word_1_19' title='bbox 671 417 836 461; x_wconf 85' lang='lat' dir='ltr'>Vossius,</span> <span class='ocrx_word' id='word_1_20' title='bbox 852 429 934 452; x_wconf 89' lang='lat' dir='ltr'>cum</span> <span class='ocrx_word' id='word_1_21' title='bbox 949 417 1141 452; x_wconf 78' lang='lat' dir='ltr'>excidisset</span> <span class='ocrx_word' id='word_1_22' title='bbox 1155 430 1172 451; x_wconf 81' lang='lat' dir='ltr'>e</span> <span class='ocrx_word' id='word_1_23' title='bbox 1186 425 1269 452; x_wconf 89' lang='lat' dir='ltr'>ante</span> <span class='ocrx_word' id='word_1_24' title='bbox 1281 420 1480 463; x_wconf 71' lang='lat' dir='ltr'>expugnat.</span> <span class='ocrx_word' id='word_1_25' title='bbox 1502 419 1634 453; x_wconf 85' lang='lat' dir='ltr'><strong>Cetera</strong></span> 
     </span>
     <span class='ocr_line' id='line_1_5' title="bbox 306 475 1633 521; baseline -0.001 -11"><span class='ocrx_word' id='word_1_26' title='bbox 306 475 392 511; x_wconf 89' lang='lat' dir='ltr'>uitia</span> <span class='ocrx_word' id='word_1_27' title='bbox 410 475 480 509; x_wconf 88' lang='lat' dir='ltr'>iam</span> <span class='ocrx_word' id='word_1_28' title='bbox 502 476 702 510; x_wconf 85' lang='lat' dir='ltr'>Rhenanus</span> <span class='ocrx_word' id='word_1_29' title='bbox 727 476 934 518; x_wconf 84' lang='lat' dir='ltr'>sustulerat,</span> <span class='ocrx_word' id='word_1_30' title='bbox 953 475 1022 509; x_wconf 87' lang='lat' dir='ltr'>nisi</span> <span class='ocrx_word' id='word_1_31' title='bbox 1047 476 1147 521; x_wconf 91' lang='lat' dir='ltr'>quod</span> <span class='ocrx_word' id='word_1_32' title='bbox 1174 487 1239 520; x_wconf 90' lang='lat' dir='ltr'>pro</span> <span class='ocrx_word' id='word_1_33' title='bbox 1257 476 1529 521; x_wconf 79' lang='lat' dir='ltr'>priorefeceral</span> <span class='ocrx_word' id='word_1_34' title='bbox 1546 487 1633 510; x_wconf 91' lang='lat' dir='ltr'>con-</span> 
     </span>
     <span class='ocr_line' id='line_1_6' title="bbox 308 533 1634 579; baseline -0.001 -11"><span class='ocrx_word' id='word_1_35' title='bbox 308 533 452 568; x_wconf 89' lang='lat' dir='ltr'>iectauit</span> <span class='ocrx_word' id='word_1_36' title='bbox 486 535 728 578; x_wconf 73' lang='lat' dir='ltr'>interfecerat.</span> <span class='ocrx_word' id='word_1_37' title='bbox 785 535 1019 578; x_wconf 79' lang='lat' dir='ltr'>Quamquam</span> <span class='ocrx_word' id='word_1_38' title='bbox 1054 533 1151 568; x_wconf 90' lang='lat' dir='ltr'>enim</span> <span class='ocrx_word' id='word_1_39' title='bbox 1186 533 1301 578; x_wconf 86' lang='lat' dir='ltr'>potuit</span> <span class='ocrx_word' id='word_1_40' title='bbox 1328 535 1370 568; x_wconf 92' lang='lat' dir='ltr'>V.</span> <span class='ocrx_word' id='word_1_41' title='bbox 1384 534 1532 579; x_wconf 79' lang='lat' dir='ltr'>fecerat</span> <span class='ocrx_word' id='word_1_42' title='bbox 1556 560 1564 567; x_wconf 94' lang='lat'><strong><em>.</em></strong></span> <span class='ocrx_word' id='word_1_43' title='bbox 1591 559 1598 567; x_wconf 95' lang='lat'>.</span> <span class='ocrx_word' id='word_1_44' title='bbox 1626 560 1634 567; x_wconf 94' lang='lat'><strong>.</strong></span> 
     </span>
     <span class='ocr_line' id='line_1_7' title="bbox 307 591 1633 637; baseline 0 -12"><span class='ocrx_word' id='word_1_45' title='bbox 307 592 539 637; x_wconf 67' lang='lat' dir='ltr'>z&#39;nleffeceral</span> <span class='ocrx_word' id='word_1_46' title='bbox 565 604 629 636; x_wconf 91' lang='lat' dir='ltr'>per</span> <span class='ocrx_word' id='word_1_47' title='bbox 658 591 951 637; x_wconf 84' lang='lat' dir='ltr'>paronomasiarn</span> <span class='ocrx_word' id='word_1_48' title='bbox 973 592 1171 637; x_wconf 87' lang='lat' dir='ltr'>quamdam</span> <span class='ocrx_word' id='word_1_49' title='bbox 1201 592 1259 626; x_wconf 92' lang='lat' dir='ltr'>uel</span> <span class='ocrx_word' id='word_1_50' title='bbox 1286 591 1495 636; x_wconf 88' lang='lat' dir='ltr'>parechesis</span> <span class='ocrx_word' id='word_1_51' title='bbox 1523 603 1633 626; x_wconf 87' lang='lat' dir='ltr'>causa</span> 
     </span>
     <span class='ocr_line' id='line_1_8' title="bbox 308 649 1636 694; baseline -0.001 -10"><span class='ocrx_word' id='word_1_52' title='bbox 308 649 358 684; x_wconf 92' lang='lat' dir='ltr'>sic</span> <span class='ocrx_word' id='word_1_53' title='bbox 377 650 544 692; x_wconf 88' lang='lat' dir='ltr'>scribere,</span> <span class='ocrx_word' id='word_1_54' title='bbox 563 657 601 684; x_wconf 90' lang='lat' dir='ltr'>ut</span> <span class='ocrx_word' id='word_1_55' title='bbox 626 650 820 694; x_wconf 80' lang='lat' dir='ltr'>scripserat</span> <span class='ocrx_word' id='word_1_56' title='bbox 846 651 974 694; x_wconf 85' lang='lat' dir='ltr'>Nepos</span> <span class='ocrx_word' id='word_1_57' title='bbox 1002 651 1108 684; x_wconf 83' lang='lat' dir='ltr'>Eum.</span> <span class='ocrx_word' id='word_1_58' title='bbox 1126 659 1156 684; x_wconf 87' lang='lat'>2.</span> <span class='ocrx_word' id='word_1_59' title='bbox 1177 649 1237 683; x_wconf 86' lang='lat' dir='ltr'>fin.</span> <span class='ocrx_word' id='word_1_60' title='bbox 1255 650 1458 694; x_wconf 73' lang='lat' dir='ltr'>interficere</span> <span class='ocrx_word' id='word_1_61' title='bbox 1483 654 1636 684; x_wconf 73' lang='lat' dir='ltr'>conatus</span> 
     </span>
     <span class='ocr_line' id='line_1_9' title="bbox 307 706 1634 752; baseline -0.001 -10"><span class='ocrx_word' id='word_1_62' title='bbox 307 713 359 742; x_wconf 83' lang='lat' dir='ltr'>est</span> <span class='ocrx_word' id='word_1_63' title='bbox 381 709 580 752; x_wconf 80' lang='lat' dir='ltr'>etfecisset‚</span> <span class='ocrx_word' id='word_1_64' title='bbox 603 707 661 742; x_wconf 82' lang='lat' dir='ltr'>uix</span> <span class='ocrx_word' id='word_1_65' title='bbox 687 715 810 742; x_wconf 85' lang='lat' dir='ltr'>tamen</span> <span class='ocrx_word' id='word_1_66' title='bbox 834 706 920 741; x_wconf 86' lang='lat' dir='ltr'>satis</span> <span class='ocrx_word' id='word_1_67' title='bbox 943 707 1088 751; x_wconf 89' lang='lat' dir='ltr'>proprie</span> <span class='ocrx_word' id='word_1_68' title='bbox 1115 707 1347 751; x_wconf 75' lang='lat' dir='ltr'>interfecerat</span> <span class='ocrx_word' id='word_1_69' title='bbox 1370 707 1533 741; x_wconf 85' lang='lat' dir='ltr'>dicturus</span> <span class='ocrx_word' id='word_1_70' title='bbox 1556 714 1634 742; x_wconf 90' lang='lat' dir='ltr'>erat</span> 
     </span>
     <span class='ocr_line' id='line_1_10' title="bbox 307 765 1272 812; baseline 0 -11"><span class='ocrx_word' id='word_1_71' title='bbox 307 767 353 802; x_wconf 93' lang='lat' dir='ltr'>de</span> <span class='ocrx_word' id='word_1_72' title='bbox 370 779 413 801; x_wconf 90' lang='lat' dir='ltr'>eo</span> <span class='ocrx_word' id='word_1_73' title='bbox 432 767 492 812; x_wconf 90' lang='lat' dir='ltr'>qui</span> <span class='ocrx_word' id='word_1_74' title='bbox 510 766 621 801; x_wconf 88' lang='lat' dir='ltr'>alium</span> <span class='ocrx_word' id='word_1_75' title='bbox 640 767 756 810; x_wconf 84' lang='lat' dir='ltr'>coegit</span> <span class='ocrx_word' id='word_1_76' title='bbox 774 773 929 801; x_wconf 88' lang='lat' dir='ltr'>mortem</span> <span class='ocrx_word' id='word_1_77' title='bbox 949 765 1016 800; x_wconf 88' lang='lat' dir='ltr'>sibi</span> <span class='ocrx_word' id='word_1_78' title='bbox 1035 766 1272 801; x_wconf 87' lang='lat' dir='ltr'>consciscere.</span> 
     </span>
    </p>

    <p class='ocr_par' dir='ltr' id='par_1_4' title="bbox 306 822 1638 1045">
     <span class='ocr_line' id='line_1_11' title="bbox 353 822 1632 868; baseline -0.002 -9"><span class='ocrx_word' id='word_1_79' title='bbox 353 824 504 859; x_wconf 85' lang='lat' dir='ltr'>Videtur</span> <span class='ocrx_word' id='word_1_80' title='bbox 523 824 698 859; x_wconf 78' lang='lat' dir='ltr'>excidisse</span> <span class='ocrx_word' id='word_1_81' title='bbox 716 824 869 858; x_wconf 82' lang='lat' dir='ltr'>uerbum</span> <span class='ocrx_word' id='word_1_82' title='bbox 888 835 960 868; x_wconf 87' lang='lat' dir='ltr'>quo</span> <span class='ocrx_word' id='word_1_83' title='bbox 979 822 1240 867; x_wconf 81' lang='lat' dir='ltr'>significaretur</span> <span class='ocrx_word' id='word_1_84' title='bbox 1259 823 1409 858; x_wconf 80' lang='lat' dir='ltr'>Cassius</span> <span class='ocrx_word' id='word_1_85' title='bbox 1435 823 1632 858; x_wconf 88' lang='lat' dir='ltr'>necessita-</span> 
     </span>
     <span class='ocr_line' id='line_1_12' title="bbox 306 881 1636 927; baseline -0.002 -10"><span class='ocrx_word' id='word_1_86' title='bbox 306 891 381 918; x_wconf 89' lang='lat' dir='ltr'>tem</span> <span class='ocrx_word' id='word_1_87' title='bbox 400 884 615 917; x_wconf 84' lang='lat' dir='ltr'>Dolabellae</span> <span class='ocrx_word' id='word_1_88' title='bbox 634 882 852 927; x_wconf 87' lang='lat' dir='ltr'>imposuisse</span> <span class='ocrx_word' id='word_1_89' title='bbox 870 881 1072 916; x_wconf 88' lang='lat' dir='ltr'>moriendi:</span> <span class='ocrx_word' id='word_1_90' title='bbox 1101 881 1216 926; x_wconf 90' lang='lat' dir='ltr'>potuit</span> <span class='ocrx_word' id='word_1_91' title='bbox 1235 882 1304 916; x_wconf 93' lang='lat' dir='ltr'>hoc</span> <span class='ocrx_word' id='word_1_92' title='bbox 1324 881 1376 916; x_wconf 90' lang='lat' dir='ltr'>sic</span> <span class='ocrx_word' id='word_1_93' title='bbox 1393 882 1520 916; x_wconf 84' lang='lat' dir='ltr'>efferre</span> <span class='ocrx_word' id='word_1_94' title='bbox 1538 883 1636 916; x_wconf 83' lang='lat' dir='ltr'>mori</span> 
     </span>
     <span class='ocr_line' id='line_1_13' title="bbox 307 939 1638 987; baseline -0.002 -11"><span class='ocrx_word' id='word_1_95' title='bbox 307 943 363 976; x_wconf 88' lang='lat' dir='ltr'>uel</span> <span class='ocrx_word' id='word_1_96' title='bbox 379 943 476 975; x_wconf 80' lang='lat' dir='ltr'>obire</span> <span class='ocrx_word' id='word_1_97' title='bbox 480 942 637 987; x_wconf 74' lang='lat' dir='ltr'>feceras,</span> <span class='ocrx_word' id='word_1_98' title='bbox 651 941 692 974; x_wconf 89' lang='lat' dir='ltr'>cf.</span> <span class='ocrx_word' id='word_1_99' title='bbox 705 940 926 975; x_wconf 89' lang='lat' dir='ltr'>Thielmann</span> <span class='ocrx_word' id='word_1_100' title='bbox 942 940 976 974; x_wconf 87' lang='grc' dir='ltr'><em>Α</em></span> <span class='ocrx_word' id='word_1_101' title='bbox 982 939 1090 974; x_wconf 79' lang='lat' dir='ltr'>rclziv</span> <span class='ocrx_word' id='word_1_102' title='bbox 1090 941 1170 985; x_wconf 78' lang='lat' dir='ltr'>fiir</span> <span class='ocrx_word' id='word_1_103' title='bbox 1179 941 1262 974; x_wconf 79' lang='lat' dir='ltr'>Lat.</span> <span class='ocrx_word' id='word_1_104' title='bbox 1277 941 1574 986; x_wconf 67' lang='lat' dir='ltr'>Lexikographz&#39;e</span> <span class='ocrx_word' id='word_1_105' title='bbox 1591 940 1638 974; x_wconf 80' lang='grc' dir='ltr'>ἰν.</span> 
     </span>
     <span class='ocr_line' id='line_1_14' title="bbox 311 998 1633 1045; baseline -0.002 -11"><span class='ocrx_word' id='word_1_106' title='bbox 311 1001 374 1043; x_wconf 86' lang='lat'>176</span> <span class='ocrx_word' id='word_1_107' title='bbox 394 1012 471 1045; x_wconf 83' lang='lat' dir='ltr'>sqq.</span> <span class='ocrx_word' id='word_1_108' title='bbox 523 1002 601 1034; x_wconf 88' lang='lat' dir='ltr'>Iam</span> <span class='ocrx_word' id='word_1_109' title='bbox 630 998 827 1034; x_wconf 90' lang='lat' dir='ltr'>Berndtius</span> <span class='ocrx_word' id='word_1_110' title='bbox 856 1000 1019 1044; x_wconf 77' lang='lat' dir='ltr'>Quaestt.</span> <span class='ocrx_word' id='word_1_111' title='bbox 1046 999 1138 1032; x_wconf 91' lang='lat' dir='ltr'>Vell.</span> <span class='ocrx_word' id='word_1_112' title='bbox 1165 1011 1198 1043; x_wconf 93' lang='lat' dir='ltr'>p.</span> <span class='ocrx_word' id='word_1_113' title='bbox 1219 1009 1258 1033; x_wconf 84' lang='lat'>21</span> <span class='ocrx_word' id='word_1_114' title='bbox 1290 998 1381 1033; x_wconf 90' lang='lat' dir='ltr'>coni.</span> <span class='ocrx_word' id='word_1_115' title='bbox 1407 999 1460 1032; x_wconf 83' lang='lat' dir='ltr'>ad</span> <span class='ocrx_word' id='word_1_116' title='bbox 1482 1003 1633 1032; x_wconf 78' lang='lat' dir='ltr'>mortem</span> 
     </span>
    </p>
   </div>
   <div class='ocr_carea' id='block_1_3' title="bbox 305 1062 1636 1149">
    <p class='ocr_par' dir='ltr' id='par_1_5' title="bbox 305 1062 1636 1149">
     <span class='ocr_line' id='line_1_15' title="bbox 305 1062 1568 1097; baseline 0.005 -6"><span class='ocrx_word' id='word_1_117' title='bbox 305 1070 323 1091; x_wconf 87' lang='lat' dir='ltr'>e</span> <span class='ocrx_word' id='word_1_118' title='bbox 349 1062 438 1092; x_wconf 82' lang='lat' dir='ltr'>eral.</span> <span class='ocrx_word' id='word_1_119' title='bbox 1554 1081 1568 1097; x_wconf 89' lang='lat' dir='ltr'>c</span> 
     </span>
     <span class='ocr_line' id='line_1_16' title="bbox 318 1070 1636 1149; baseline 0.002 -11"><span class='ocrx_word' id='word_1_120' title='bbox 318 1070 400 1149; x_wconf 45' lang='lat'>‘375</span> <span class='ocrx_word' id='word_1_121' title='bbox 421 1115 439 1148; x_wconf 86' lang='lat'>3</span> <span class='ocrx_word' id='word_1_122' title='bbox 468 1104 570 1138; x_wconf 89' lang='lat' dir='ltr'>Liuia</span> <span class='ocrx_word' id='word_1_123' title='bbox 596 1131 603 1139; x_wconf 95' lang='lat'>.</span> <span class='ocrx_word' id='word_1_124' title='bbox 629 1130 637 1138; x_wconf 90' lang='lat'><strong>.</strong></span> <span class='ocrx_word' id='word_1_125' title='bbox 663 1130 670 1138; x_wconf 91' lang='lat'><strong>.</strong></span> <span class='ocrx_word' id='word_1_126' title='bbox 692 1110 769 1138; x_wconf 88' lang='lat' dir='ltr'>tum</span> <span class='ocrx_word' id='word_1_127' title='bbox 803 1103 945 1147; x_wconf 82' lang='lat' dir='ltr'>fugiens</span> <span class='ocrx_word' id='word_1_128' title='bbox 980 1115 1064 1137; x_wconf 87' lang='lat' dir='ltr'>mox</span> <span class='ocrx_word' id='word_1_129' title='bbox 1097 1103 1207 1137; x_wconf 81' lang='lat' dir='ltr'>futuri</span> <span class='ocrx_word' id='word_1_130' title='bbox 1241 1102 1295 1137; x_wconf 91' lang='lat' dir='ltr'>sui</span> <span class='ocrx_word' id='word_1_131' title='bbox 1331 1103 1499 1139; x_wconf 85' lang='lat' dir='ltr'>Caesaris</span> <span class='ocrx_word' id='word_1_132' title='bbox 1533 1117 1636 1140; x_wconf 88' lang='lat' dir='ltr'>arma</span> 
     </span>
    </p>
   </div>
   <div class='ocr_carea' id='block_1_4' title="bbox 304 1161 1636 1788">
    <p class='ocr_par' dir='ltr' id='par_1_6' title="bbox 306 1161 1636 1312">
     <span class='ocr_line' id='line_1_17' title="bbox 306 1161 1636 1206; baseline 0.002 -11"><span class='ocrx_word' id='word_1_133' title='bbox 306 1162 444 1196; x_wconf 87' lang='lat' dir='ltr'>bimum</span> <span class='ocrx_word' id='word_1_134' title='bbox 478 1163 577 1196; x_wconf 88' lang='lat' dir='ltr'>hunc</span> <span class='ocrx_word' id='word_1_135' title='bbox 611 1161 796 1195; x_wconf 78' lang='lat' dir='ltr'>Tiberium</span> <span class='ocrx_word' id='word_1_136' title='bbox 832 1162 1030 1196; x_wconf 86' lang='lat' dir='ltr'>Caesarem</span> <span class='ocrx_word' id='word_1_137' title='bbox 1058 1188 1066 1195; x_wconf 90' lang='lat'><strong>.</strong></span> <span class='ocrx_word' id='word_1_138' title='bbox 1093 1187 1101 1195; x_wconf 90' lang='lat'><strong>.</strong></span> <span class='ocrx_word' id='word_1_139' title='bbox 1127 1187 1134 1195; x_wconf 91' lang='lat'><strong>.</strong></span> <span class='ocrx_word' id='word_1_140' title='bbox 1160 1167 1311 1204; x_wconf 86' lang='lat' dir='ltr'>gestans</span> <span class='ocrx_word' id='word_1_141' title='bbox 1346 1161 1376 1195; x_wconf 89' lang='lat' dir='ltr'>si</span> <span class='ocrx_word' id='word_1_142' title='bbox 1405 1173 1520 1206; x_wconf 88' lang='lat' dir='ltr'>nuper</span> <span class='ocrx_word' id='word_1_143' title='bbox 1553 1163 1636 1198; x_wconf 88' lang='lat' dir='ltr'>auia</span> 
     </span>
     <span class='ocr_line' id='line_1_18' title="bbox 306 1217 1633 1264; baseline 0.002 -12"><span class='ocrx_word' id='word_1_144' title='bbox 306 1219 473 1254; x_wconf 87' lang='lat' dir='ltr'>itinerum</span> <span class='ocrx_word' id='word_1_145' title='bbox 507 1218 629 1253; x_wconf 89' lang='lat' dir='ltr'>uitatis</span> <span class='ocrx_word' id='word_1_146' title='bbox 669 1217 824 1252; x_wconf 85' lang='lat' dir='ltr'>militum</span> <span class='ocrx_word' id='word_1_147' title='bbox 863 1218 994 1262; x_wconf 84' lang='lat' dir='ltr'>gladiis</span> <span class='ocrx_word' id='word_1_148' title='bbox 1033 1229 1104 1252; x_wconf 85' lang='lat' dir='ltr'>uno</span> <span class='ocrx_word' id='word_1_149' title='bbox 1147 1218 1343 1253; x_wconf 86' lang='lat' dir='ltr'>comitante</span> <span class='ocrx_word' id='word_1_150' title='bbox 1381 1220 1547 1264; x_wconf 89' lang='lat' dir='ltr'>peruenit</span> <span class='ocrx_word' id='word_1_151' title='bbox 1587 1222 1633 1255; x_wconf 91' lang='lat' dir='ltr'>ad</span> 
     </span>
     <span class='ocr_line' id='line_1_19' title="bbox 306 1278 485 1312; baseline -0.006 -1"><span class='ocrx_word' id='word_1_152' title='bbox 306 1289 417 1312; x_wconf 86' lang='lat' dir='ltr'>mare.</span> <span class='ocrx_word' id='word_1_153' title='bbox 436 1278 485 1311; x_wconf 83' lang='lat' dir='ltr'>A.</span> 
     </span>
    </p>

    <p class='ocr_par' dir='ltr' id='par_1_7' title="bbox 305 1334 1634 1556">
     <span class='ocr_line' id='line_1_20' title="bbox 353 1334 1633 1384; baseline 0.002 -14"><span class='ocrx_word' id='word_1_154' title='bbox 353 1347 455 1370; x_wconf 87' lang='lat' dir='ltr'>arma</span> <span class='ocrx_word' id='word_1_155' title='bbox 479 1347 548 1370; x_wconf 89' lang='lat' dir='ltr'>nus</span> <span class='ocrx_word' id='word_1_156' title='bbox 573 1335 713 1369; x_wconf 89' lang='lat' dir='ltr'>bimum</span> <span class='ocrx_word' id='word_1_157' title='bbox 739 1336 792 1369; x_wconf 87' lang='lat' dir='ltr'>P:</span> <span class='ocrx_word' id='word_1_158' title='bbox 828 1335 876 1369; x_wconf 91' lang='lat' dir='ltr'>ad</span> <span class='ocrx_word' id='word_1_159' title='bbox 894 1335 1002 1384; x_wconf 14' lang='lat' dir='ltr'>unod</span> <span class='ocrx_word' id='word_1_160' title='bbox 1029 1336 1144 1369; x_wconf 84' lang='lat' dir='ltr'>Burer</span> <span class='ocrx_word' id='word_1_161' title='bbox 1168 1334 1358 1369; x_wconf 90' lang='lat' dir='ltr'>adnotauit</span> <span class='ocrx_word' id='word_1_162' title='bbox 1377 1336 1537 1381; x_wconf 70' lang='lat' dir='ltr'>‘exemp</span> <span class='ocrx_word' id='word_1_163' title='bbox 1562 1344 1633 1372; x_wconf 89' lang='lat' dir='ltr'>uet.</span> 
     </span>
     <span class='ocr_line' id='line_1_21' title="bbox 307 1392 1634 1437; baseline 0.001 -10"><span class='ocrx_word' id='word_1_164' title='bbox 307 1394 357 1432; x_wconf 85' lang='lat' dir='ltr'>(h.</span> <span class='ocrx_word' id='word_1_165' title='bbox 370 1405 400 1427; x_wconf 91' lang='lat' dir='ltr'>e.</span> <span class='ocrx_word' id='word_1_166' title='bbox 436 1394 548 1427; x_wconf 89' lang='lat' dir='ltr'>codex</span> <span class='ocrx_word' id='word_1_167' title='bbox 585 1393 856 1436; x_wconf 86' lang='lat' dir='ltr'>Murbacensis)</span> <span class='ocrx_word' id='word_1_168' title='bbox 899 1392 951 1427; x_wconf 91' lang='lat' dir='ltr'>sic</span> <span class='ocrx_word' id='word_1_169' title='bbox 981 1394 1091 1427; x_wconf 89' lang='lat' dir='ltr'>habet</span> <span class='ocrx_word' id='word_1_170' title='bbox 1123 1399 1162 1426; x_wconf 89' lang='lat' dir='ltr'>ut</span> <span class='ocrx_word' id='word_1_171' title='bbox 1201 1393 1397 1437; x_wconf 82' lang='lat' dir='ltr'>legendum</span> <span class='ocrx_word' id='word_1_172' title='bbox 1431 1394 1634 1428; x_wconf 87' lang='lat' dir='ltr'>existimem</span> 
     </span>
     <span class='ocr_line' id='line_1_22' title="bbox 306 1451 1634 1495; baseline 0.001 -8"><span class='ocrx_word' id='word_1_173' title='bbox 306 1451 473 1487; x_wconf 89' lang='lat' dir='ltr'>Caesaris</span> <span class='ocrx_word' id='word_1_174' title='bbox 517 1463 631 1495; x_wconf 85' lang='lat' dir='ltr'>arma,</span> <span class='ocrx_word' id='word_1_175' title='bbox 667 1451 768 1486; x_wconf 87' lang='lat' dir='ltr'>cuius</span> <span class='ocrx_word' id='word_1_176' title='bbox 802 1451 939 1486; x_wconf 89' lang='lat' dir='ltr'>bimum</span> <span class='ocrx_word' id='word_1_177' title='bbox 981 1452 1078 1486; x_wconf 90' lang='lat' dir='ltr'>hunc</span> <span class='ocrx_word' id='word_1_178' title='bbox 1113 1451 1300 1486; x_wconf 87' lang='lat' dir='ltr'>Tiberium</span> <span class='ocrx_word' id='word_1_179' title='bbox 1337 1454 1533 1487; x_wconf 86' lang='lat' dir='ltr'>Caesarem</span> <span class='ocrx_word' id='word_1_180' title='bbox 1559 1455 1634 1488; x_wconf 60' lang='grc' dir='ltr'>ἃς]</span> 
     </span>
     <span class='ocr_line' id='line_1_23' title="bbox 305 1511 527 1556; baseline 0 -11"><span class='ocrx_word' id='word_1_181' title='bbox 305 1511 384 1546; x_wconf 89' lang='lat' dir='ltr'>sinu</span> <span class='ocrx_word' id='word_1_182' title='bbox 403 1523 467 1556; x_wconf 90' lang='lat' dir='ltr'>per</span> <span class='ocrx_word' id='word_1_183' title='bbox 484 1512 527 1545; x_wconf 83' lang='lat' dir='ltr'>P.</span> 
     </span>
    </p>

    <p class='ocr_par' dir='ltr' id='par_1_8' title="bbox 304 1567 1635 1788">
     <span class='ocr_line' id='line_1_24' title="bbox 352 1567 1634 1604; baseline 0.001 -1"><span class='ocrx_word' id='word_1_184' title='bbox 352 1571 407 1603; x_wconf 81' lang='lat' dir='ltr'>Ex</span> <span class='ocrx_word' id='word_1_185' title='bbox 434 1568 554 1603; x_wconf 86' lang='lat' dir='ltr'>uerbis</span> <span class='ocrx_word' id='word_1_186' title='bbox 583 1567 709 1603; x_wconf 85' lang='lat' dir='ltr'>Bureri</span> <span class='ocrx_word' id='word_1_187' title='bbox 736 1575 877 1603; x_wconf 88' lang='lat' dir='ltr'>constat</span> <span class='ocrx_word' id='word_1_188' title='bbox 907 1568 941 1602; x_wconf 89' lang='lat' dir='ltr'>in</span> <span class='ocrx_word' id='word_1_189' title='bbox 974 1568 1212 1603; x_wconf 88' lang='lat' dir='ltr'>Murbacensi</span> <span class='ocrx_word' id='word_1_190' title='bbox 1241 1569 1353 1604; x_wconf 87' lang='lat' dir='ltr'>fuisse</span> <span class='ocrx_word' id='word_1_191' title='bbox 1381 1577 1467 1604; x_wconf 87' lang='lat' dir='ltr'>ante</span> <span class='ocrx_word' id='word_1_192' title='bbox 1497 1571 1634 1604; x_wconf 70' lang='lat' dir='ltr'>bimum</span> 
     </span>
     <span class='ocr_line' id='line_1_25' title="bbox 304 1626 1635 1672; baseline 0.002 -12"><span class='ocrx_word' id='word_1_193' title='bbox 304 1626 443 1661; x_wconf 84' lang='lat' dir='ltr'>litteras</span> <span class='ocrx_word' id='word_1_194' title='bbox 462 1638 555 1671; x_wconf 88' lang='lat' dir='ltr'>quae</span> <span class='ocrx_word' id='word_1_195' title='bbox 582 1627 765 1661; x_wconf 89' lang='lat' dir='ltr'>Rhenano</span> <span class='ocrx_word' id='word_1_196' title='bbox 788 1626 887 1661; x_wconf 91' lang='lat' dir='ltr'>uisae</span> <span class='ocrx_word' id='word_1_197' title='bbox 906 1626 976 1660; x_wconf 88' lang='lat' dir='ltr'>sint</span> <span class='ocrx_word' id='word_1_198' title='bbox 1003 1638 1085 1669; x_wconf 80' lang='lat' dir='ltr'>nus,</span> <span class='ocrx_word' id='word_1_199' title='bbox 1106 1628 1243 1661; x_wconf 88' lang='lat' dir='ltr'>Burero</span> <span class='ocrx_word' id='word_1_200' title='bbox 1269 1627 1441 1672; x_wconf 86' lang='lat' dir='ltr'>reliquiae</span> <span class='ocrx_word' id='word_1_201' title='bbox 1468 1628 1635 1662; x_wconf 89' lang='lat' dir='ltr'>uocabuli</span> 
     </span>
     <span class='ocr_line' id='line_1_26' title="bbox 305 1683 1634 1727; baseline 0.002 -9"><span class='ocrx_word' id='word_1_202' title='bbox 305 1684 394 1718; x_wconf 85' lang='lat' dir='ltr'>finiti</span> <span class='ocrx_word' id='word_1_203' title='bbox 414 1685 448 1718; x_wconf 89' lang='lat' dir='ltr'>in</span> <span class='ocrx_word' id='word_1_204' title='bbox 468 1697 539 1727; x_wconf 80' lang='lat' dir='ltr'><em>—7cs,</em></span> <span class='ocrx_word' id='word_1_205' title='bbox 552 1683 800 1718; x_wconf 84' lang='lat' dir='ltr'>Amerbachio</span> <span class='ocrx_word' id='word_1_206' title='bbox 820 1683 868 1718; x_wconf 86' lang='lat' dir='ltr'>ita</span> <span class='ocrx_word' id='word_1_207' title='bbox 886 1684 1063 1718; x_wconf 88' lang='lat' dir='ltr'>obscurae</span> <span class='ocrx_word' id='word_1_208' title='bbox 1077 1690 1115 1718; x_wconf 88' lang='lat' dir='ltr'>ut</span> <span class='ocrx_word' id='word_1_209' title='bbox 1134 1684 1304 1719; x_wconf 88' lang='lat' dir='ltr'>omiserit.</span> <span class='ocrx_word' id='word_1_210' title='bbox 1341 1687 1397 1719; x_wconf 78' lang='lat' dir='ltr'>Ex</span> <span class='ocrx_word' id='word_1_211' title='bbox 1414 1685 1464 1719; x_wconf 92' lang='lat' dir='ltr'>eis</span> <span class='ocrx_word' id='word_1_212' title='bbox 1483 1686 1634 1721; x_wconf 89' lang='lat' dir='ltr'>Vossius</span> 
     </span>
     <span class='ocr_line' id='line_1_27' title="bbox 304 1741 1633 1788; baseline 0.001 -12"><span class='ocrx_word' id='word_1_213' title='bbox 304 1742 387 1777; x_wconf 90' lang='lat' dir='ltr'>fecit</span> <span class='ocrx_word' id='word_1_214' title='bbox 414 1744 548 1785; x_wconf 78' lang='lat' dir='ltr'>minus,</span> <span class='ocrx_word' id='word_1_215' title='bbox 575 1741 817 1776; x_wconf 86' lang='lat' dir='ltr'>Ruhnkenius</span> <span class='ocrx_word' id='word_1_216' title='bbox 835 1754 978 1776; x_wconf 76' lang='lat' dir='ltr'>manus.</span> <span class='ocrx_word' id='word_1_217' title='bbox 1029 1743 1110 1786; x_wconf 86' lang='lat' dir='ltr'>Ego</span> <span class='ocrx_word' id='word_1_218' title='bbox 1138 1754 1220 1776; x_wconf 89' lang='lat' dir='ltr'>cum</span> <span class='ocrx_word' id='word_1_219' title='bbox 1252 1741 1286 1776; x_wconf 90' lang='lat' dir='ltr'>in</span> <span class='ocrx_word' id='word_1_220' title='bbox 1312 1743 1347 1777; x_wconf 77' lang='lat' dir='ltr'><em>A</em></span> <span class='ocrx_word' id='word_1_221' title='bbox 1381 1743 1431 1777; x_wconf 89' lang='lat' dir='ltr'>sic</span> <span class='ocrx_word' id='word_1_222' title='bbox 1458 1743 1633 1788; x_wconf 89' lang='lat' dir='ltr'>scriptum</span> 
     </span>
    </p>
   </div>
   <div class='ocr_carea' id='block_1_5' title="bbox 304 1809 1634 1879">
    <p class='ocr_par' dir='ltr' id='par_1_9' title="bbox 304 1809 1634 1879">
     <span class='ocr_line' id='line_1_28' title="bbox 586 1809 1318 1826; baseline -0.003 0"><span class='ocrx_word' id='word_1_223' title='bbox 586 1810 600 1826; x_wconf 75' lang='lat' dir='ltr'>C</span> <span class='ocrx_word' id='word_1_224' title='bbox 1233 1809 1318 1825; x_wconf 61' lang='lat' dir='ltr'>asma</span> 
     </span>
     <span class='ocr_line' id='line_1_29' title="bbox 304 1834 1634 1879; baseline -0.001 -10"><span class='ocrx_word' id='word_1_225' title='bbox 304 1835 525 1870; x_wconf 86' lang='lat' dir='ltr'>inuenissem</span> <span class='ocrx_word' id='word_1_226' title='bbox 552 1847 670 1877; x_wconf 81' lang='lat' dir='ltr'>arma,</span> <span class='ocrx_word' id='word_1_227' title='bbox 701 1835 770 1868; x_wconf 87' lang='lat' dir='ltr'>hoc</span> <span class='ocrx_word' id='word_1_228' title='bbox 803 1846 911 1868; x_wconf 78' lang='lat' dir='ltr'>arma</span> <span class='ocrx_word' id='word_1_229' title='bbox 945 1845 987 1867; x_wconf 79' lang='lat' dir='ltr'>ac</span> <span class='ocrx_word' id='word_1_230' title='bbox 1020 1846 1080 1867; x_wconf 79' lang='lat' dir='ltr'>ma</span> <span class='ocrx_word' id='word_1_231' title='bbox 1110 1834 1186 1868; x_wconf 89' lang='lat' dir='ltr'>siue</span> <span class='ocrx_word' id='word_1_232' title='bbox 1215 1847 1324 1868; x_wconf 77' lang='lat' dir='ltr'>arma</span> <span class='ocrx_word' id='word_1_233' title='bbox 1355 1834 1634 1879; x_wconf 86' lang='lat' dir='ltr'>interpretabar,</span> 
     </span>
    </p>
   </div>
   <div class='ocr_carea' id='block_1_6' title="bbox 303 1892 1635 2053">
    <p class='ocr_par' dir='ltr' id='par_1_10' title="bbox 303 1892 1635 2053">
     <span class='ocr_line' id='line_1_30' title="bbox 303 1892 1634 1938; baseline -0.002 -10"><span class='ocrx_word' id='word_1_234' title='bbox 303 1901 452 1938; x_wconf 89' lang='lat' dir='ltr'>recepto</span> <span class='ocrx_word' id='word_1_235' title='bbox 478 1900 600 1927; x_wconf 89' lang='lat' dir='ltr'>autem</span> <span class='ocrx_word' id='word_1_236' title='bbox 626 1905 697 1926; x_wconf 76' lang='lat' dir='ltr'>nus</span> <span class='ocrx_word' id='word_1_237' title='bbox 722 1893 821 1937; x_wconf 88' lang='lat' dir='ltr'>quod</span> <span class='ocrx_word' id='word_1_238' title='bbox 848 1893 882 1926; x_wconf 91' lang='lat' dir='ltr'>in</span> <span class='ocrx_word' id='word_1_239' title='bbox 907 1893 942 1926; x_wconf 84' lang='lat' dir='ltr'><em>P</em></span> <span class='ocrx_word' id='word_1_240' title='bbox 963 1898 1017 1926; x_wconf 90' lang='lat' dir='ltr'>est</span> <span class='ocrx_word' id='word_1_241' title='bbox 1044 1892 1164 1926; x_wconf 89' lang='lat' dir='ltr'>locum</span> <span class='ocrx_word' id='word_1_242' title='bbox 1192 1892 1243 1926; x_wconf 89' lang='lat' dir='ltr'>sic</span> <span class='ocrx_word' id='word_1_243' title='bbox 1266 1893 1503 1936; x_wconf 83' lang='lat' dir='ltr'>refingebam,</span> <span class='ocrx_word' id='word_1_244' title='bbox 1521 1893 1634 1926; x_wconf 80' lang='lat' dir='ltr'><em>Liuia</em></span> 
     </span>
     <span class='ocr_line' id='line_1_31' title="bbox 304 1951 1478 1997; baseline -0.002 -11"><span class='ocrx_word' id='word_1_245' title='bbox 304 1980 310 1986; x_wconf 95' lang='lat'>.</span> <span class='ocrx_word' id='word_1_246' title='bbox 331 1979 338 1986; x_wconf 95' lang='lat'>.</span> <span class='ocrx_word' id='word_1_247' title='bbox 358 1979 365 1986; x_wconf 92' lang='lat'><strong>.</strong></span> <span class='ocrx_word' id='word_1_248' title='bbox 384 1957 463 1986; x_wconf 80' lang='lat' dir='ltr'>lum</span> <span class='ocrx_word' id='word_1_249' title='bbox 472 1953 628 1997; x_wconf 69' lang='lat' dir='ltr'>fisglens</span> <span class='ocrx_word' id='word_1_250' title='bbox 645 1963 729 1985; x_wconf 75' lang='lat' dir='ltr'>mox</span> <span class='ocrx_word' id='word_1_251' title='bbox 736 1951 872 1995; x_wconf 76' lang='lat' dir='ltr'>ficlurz&#39;</span> <span class='ocrx_word' id='word_1_252' title='bbox 885 1952 948 1984; x_wconf 80' lang='lat' dir='ltr'>sui</span> <span class='ocrx_word' id='word_1_253' title='bbox 966 1952 1134 1984; x_wconf 79' lang='lat' dir='ltr'>Caesaris</span> <span class='ocrx_word' id='word_1_254' title='bbox 1151 1963 1258 1984; x_wconf 82' lang='lat' dir='ltr'>arma</span> <span class='ocrx_word' id='word_1_255' title='bbox 1276 1963 1319 1985; x_wconf 84' lang='lat' dir='ltr'>ac</span> <span class='ocrx_word' id='word_1_256' title='bbox 1335 1963 1478 1985; x_wconf 79' lang='lat' dir='ltr'>manus.</span> 
     </span>
     <span class='ocr_line' id='line_1_32' title="bbox 354 2009 1635 2053; baseline -0.001 -10"><span class='ocrx_word' id='word_1_257' title='bbox 354 2012 438 2044; x_wconf 93' lang='lat' dir='ltr'>Hoc</span> <span class='ocrx_word' id='word_1_258' title='bbox 456 2009 485 2044; x_wconf 93' lang='lat' dir='ltr'>si</span> <span class='ocrx_word' id='word_1_259' title='bbox 503 2016 602 2044; x_wconf 91' lang='lat' dir='ltr'>recte</span> <span class='ocrx_word' id='word_1_260' title='bbox 627 2015 783 2043; x_wconf 84' lang='lat' dir='ltr'>uenatus</span> <span class='ocrx_word' id='word_1_261' title='bbox 807 2020 899 2051; x_wconf 81' lang='lat' dir='ltr'>sum,</span> <span class='ocrx_word' id='word_1_262' title='bbox 918 2020 1041 2043; x_wconf 86' lang='lat' dir='ltr'>rursus</span> <span class='ocrx_word' id='word_1_263' title='bbox 1068 2016 1219 2053; x_wconf 86' lang='lat' dir='ltr'>apparet</span> <span class='ocrx_word' id='word_1_264' title='bbox 1245 2009 1468 2053; x_wconf 86' lang='lat' dir='ltr'>praestantia</span> <span class='ocrx_word' id='word_1_265' title='bbox 1486 2009 1564 2043; x_wconf 90' lang='lat' dir='ltr'>cod.</span> <span class='ocrx_word' id='word_1_266' title='bbox 1584 2009 1635 2051; x_wconf 83' lang='lat' dir='ltr'>A,</span> 
     </span>
    </p>
   </div>
   <div class='ocr_carea' id='block_1_7' title="bbox 304 2066 1633 2111">
    <p class='ocr_par' dir='ltr' id='par_1_11' title="bbox 304 2066 1633 2111">
     <span class='ocr_line' id='line_1_33' title="bbox 304 2066 1633 2111; baseline -0.001 -10"><span class='ocrx_word' id='word_1_267' title='bbox 304 2079 371 2102; x_wconf 92' lang='lat' dir='ltr'>nec</span> <span class='ocrx_word' id='word_1_268' title='bbox 389 2067 509 2101; x_wconf 85' lang='lat' dir='ltr'>minus</span> <span class='ocrx_word' id='word_1_269' title='bbox 533 2068 649 2101; x_wconf 82' lang='lat' dir='ltr'>elucet</span> <span class='ocrx_word' id='word_1_270' title='bbox 675 2066 862 2111; x_wconf 88' lang='lat' dir='ltr'>diligentia</span> <span class='ocrx_word' id='word_1_271' title='bbox 880 2066 1125 2108; x_wconf 81' lang='lat' dir='ltr'>Amerbachii‚</span> <span class='ocrx_word' id='word_1_272' title='bbox 1145 2066 1206 2111; x_wconf 91' lang='lat' dir='ltr'>qui</span> <span class='ocrx_word' id='word_1_273' title='bbox 1224 2077 1316 2100; x_wconf 90' lang='lat' dir='ltr'>unus</span> <span class='ocrx_word' id='word_1_274' title='bbox 1336 2078 1409 2100; x_wconf 91' lang='lat' dir='ltr'>non</span> <span class='ocrx_word' id='word_1_275' title='bbox 1429 2078 1547 2110; x_wconf 82' lang='lat' dir='ltr'>arma,</span> <span class='ocrx_word' id='word_1_276' title='bbox 1567 2067 1633 2100; x_wconf 85' lang='lat' dir='ltr'>sed</span> 
     </span>
    </p>
   </div>
   <div class='ocr_carea' id='block_1_8' title="bbox 303 2133 1634 2203">
    <p class='ocr_par' dir='ltr' id='par_1_12' title="bbox 303 2133 1634 2203">
     <span class='ocr_line' id='line_1_34' title="bbox 674 2133 688 2150; baseline 0 0"><span class='ocrx_word' id='word_1_277' title='bbox 674 2133 688 2150; x_wconf 84' lang='lat' dir='ltr'>C</span> 
     </span>
     <span class='ocr_line' id='line_1_35' title="bbox 303 2157 1634 2203; baseline 0 -11"><span class='ocrx_word' id='word_1_278' title='bbox 303 2170 320 2192; x_wconf 75' lang='lat' dir='ltr'><em>c</em></span> <span class='ocrx_word' id='word_1_279' title='bbox 345 2170 456 2203; x_wconf 86' lang='lat' dir='ltr'>supra</span> <span class='ocrx_word' id='word_1_280' title='bbox 481 2158 625 2193; x_wconf 85' lang='lat' dir='ltr'>adiecta</span> <span class='ocrx_word' id='word_1_281' title='bbox 650 2171 768 2200; x_wconf 81' lang='lat' dir='ltr'>arma,</span> <span class='ocrx_word' id='word_1_282' title='bbox 795 2157 993 2200; x_wconf 82' lang='lat' dir='ltr'>tradiderit,</span> <span class='ocrx_word' id='word_1_283' title='bbox 1022 2157 1188 2203; x_wconf 89' lang='lat' dir='ltr'>quamuis</span> <span class='ocrx_word' id='word_1_284' title='bbox 1219 2158 1357 2192; x_wconf 84' lang='lat' dir='ltr'>litteras</span> <span class='ocrx_word' id='word_1_285' title='bbox 1389 2170 1461 2192; x_wconf 78' lang='lat' dir='ltr'>nus</span> <span class='ocrx_word' id='word_1_286' title='bbox 1491 2157 1634 2193; x_wconf 88' lang='lat' dir='ltr'>insolita</span> 
     </span>
    </p>
   </div>
   <div class='ocr_carea' id='block_1_9' title="bbox 304 2215 1633 2435">
    <p class='ocr_par' dir='ltr' id='par_1_13' title="bbox 304 2215 1633 2435">
     <span class='ocr_line' id='line_1_36' title="bbox 304 2215 1633 2260; baseline -0.002 -9"><span class='ocrx_word' id='word_1_287' title='bbox 304 2216 434 2251; x_wconf 90' lang='lat' dir='ltr'>ductus</span> <span class='ocrx_word' id='word_1_288' title='bbox 459 2215 700 2250; x_wconf 89' lang='lat' dir='ltr'>haesitatione</span> <span class='ocrx_word' id='word_1_289' title='bbox 727 2215 897 2250; x_wconf 87' lang='lat' dir='ltr'>omiserit.</span> <span class='ocrx_word' id='word_1_290' title='bbox 949 2215 1231 2259; x_wconf 84' lang='lat' dir='ltr'>Neglegentiam</span> <span class='ocrx_word' id='word_1_291' title='bbox 1260 2223 1356 2250; x_wconf 88' lang='lat' dir='ltr'>certe</span> <span class='ocrx_word' id='word_1_292' title='bbox 1380 2228 1454 2250; x_wconf 89' lang='lat' dir='ltr'>non</span> <span class='ocrx_word' id='word_1_293' title='bbox 1481 2215 1633 2260; x_wconf 88' lang='lat' dir='ltr'>imputa-</span> 
     </span>
     <span class='ocr_line' id='line_1_37' title="bbox 304 2273 1633 2319; baseline 0.001 -12"><span class='ocrx_word' id='word_1_294' title='bbox 304 2274 420 2308; x_wconf 85' lang='lat' dir='ltr'>ueris:</span> <span class='ocrx_word' id='word_1_295' title='bbox 465 2273 544 2319; x_wconf 81' lang='lat' dir='ltr'>quis</span> <span class='ocrx_word' id='word_1_296' title='bbox 579 2274 677 2308; x_wconf 91' lang='lat' dir='ltr'>enim</span> <span class='ocrx_word' id='word_1_297' title='bbox 712 2285 785 2308; x_wconf 89' lang='lat' dir='ltr'>non</span> <span class='ocrx_word' id='word_1_298' title='bbox 827 2273 924 2307; x_wconf 88' lang='lat' dir='ltr'>uidet</span> <span class='ocrx_word' id='word_1_299' title='bbox 965 2273 1075 2307; x_wconf 86' lang='lat' dir='ltr'>fuisse</span> <span class='ocrx_word' id='word_1_300' title='bbox 1110 2273 1144 2307; x_wconf 89' lang='lat' dir='ltr'>in</span> <span class='ocrx_word' id='word_1_301' title='bbox 1180 2273 1417 2308; x_wconf 88' lang='lat' dir='ltr'>Murbacensi</span> <span class='ocrx_word' id='word_1_302' title='bbox 1451 2273 1633 2308; x_wconf 86' lang='lat' dir='ltr'>distractis</span> 
     </span>
     <span class='ocr_line' id='line_1_38' title="bbox 304 2332 1632 2378; baseline 0 -12"><span class='ocrx_word' id='word_1_303' title='bbox 304 2332 492 2367; x_wconf 90' lang='lat' dir='ltr'>uocabulis</span> <span class='ocrx_word' id='word_1_304' title='bbox 505 2332 540 2366; x_wconf 92' lang='lat' dir='ltr'>id</span> <span class='ocrx_word' id='word_1_305' title='bbox 555 2333 652 2377; x_wconf 84' lang='lat' dir='ltr'>quod</span> <span class='ocrx_word' id='word_1_306' title='bbox 661 2332 928 2366; x_wconf 88' lang='lat' dir='ltr'>Amerbachius</span> <span class='ocrx_word' id='word_1_307' title='bbox 940 2332 1040 2366; x_wconf 92' lang='lat' dir='ltr'>dedit</span> <span class='ocrx_word' id='word_1_308' title='bbox 1052 2334 1087 2366; x_wconf 75' lang='lat' dir='ltr'>si</span> <span class='ocrx_word' id='word_1_309' title='bbox 1097 2335 1225 2378; x_wconf 73' lang='lat' dir='ltr'>nuper,</span> <span class='ocrx_word' id='word_1_310' title='bbox 1235 2345 1307 2367; x_wconf 92' lang='lat' dir='ltr'>non</span> <span class='ocrx_word' id='word_1_311' title='bbox 1323 2334 1419 2378; x_wconf 89' lang='lat' dir='ltr'>quod</span> <span class='ocrx_word' id='word_1_312' title='bbox 1429 2334 1632 2367; x_wconf 83' lang='lat' dir='ltr'>Rhenanus</span> 
     </span>
     <span class='ocr_line' id='line_1_39' title="bbox 304 2390 925 2435; baseline 0.002 -12"><span class='ocrx_word' id='word_1_313' title='bbox 304 2402 347 2424; x_wconf 85' lang='lat' dir='ltr'>ex</span> <span class='ocrx_word' id='word_1_314' title='bbox 366 2402 431 2424; x_wconf 86' lang='lat' dir='ltr'>sua</span> <span class='ocrx_word' id='word_1_315' title='bbox 449 2390 707 2425; x_wconf 86' lang='lat' dir='ltr'>emendatione</span> <span class='ocrx_word' id='word_1_316' title='bbox 725 2392 812 2424; x_wconf 80' lang='lat' dir='ltr'>sinu</span> <span class='ocrx_word' id='word_1_317' title='bbox 823 2392 925 2435; x_wconf 67' lang='lat' dir='ltr'>per?</span> 
     </span>
    </p>
   </div>
   <div class='ocr_carea' id='block_1_10' title="bbox 352 2447 1631 2534">
    <p class='ocr_par' dir='ltr' id='par_1_14' title="bbox 352 2447 1631 2534">
     <span class='ocr_line' id='line_1_40' title="bbox 352 2447 1631 2493; baseline 0.001 -11"><span class='ocrx_word' id='word_1_318' title='bbox 352 2450 439 2482; x_wconf 91' lang='lat' dir='ltr'>Non</span> <span class='ocrx_word' id='word_1_319' title='bbox 458 2450 611 2483; x_wconf 84' lang='lat' dir='ltr'>inultum</span> <span class='ocrx_word' id='word_1_320' title='bbox 630 2448 713 2483; x_wconf 93' lang='lat' dir='ltr'>huic</span> <span class='ocrx_word' id='word_1_321' title='bbox 732 2448 857 2493; x_wconf 87' lang='lat' dir='ltr'>dispar</span> <span class='ocrx_word' id='word_1_322' title='bbox 875 2460 980 2483; x_wconf 81' lang='lat' dir='ltr'>casus</span> <span class='ocrx_word' id='word_1_323' title='bbox 1000 2447 1034 2482; x_wconf 90' lang='lat' dir='ltr'>in</span> <span class='ocrx_word' id='word_1_324' title='bbox 1055 2450 1108 2491; x_wconf 85' lang='lat'>76.</span> <span class='ocrx_word' id='word_1_325' title='bbox 1132 2459 1144 2483; x_wconf 92' lang='lat'>1</span> <span class='ocrx_word' id='word_1_326' title='bbox 1167 2448 1298 2483; x_wconf 87' lang='lat' dir='ltr'>accidit</span> <span class='ocrx_word' id='word_1_327' title='bbox 1317 2448 1377 2483; x_wconf 92' lang='lat' dir='ltr'>ubi</span> <span class='ocrx_word' id='word_1_328' title='bbox 1394 2449 1470 2483; x_wconf 84' lang='grc' dir='ltr'>ΑΡ</span> <span class='ocrx_word' id='word_1_329' title='bbox 1492 2449 1631 2483; x_wconf 82' lang='lat' dir='ltr'>habent</span> 
     </span>
     <span class='ocr_line' id='line_1_41' title="bbox 937 2503 996 2534; baseline -0.017 0"><span class='ocrx_word' id='word_1_330' title='bbox 937 2503 996 2534; x_wconf 83' lang='lat'>168</span> 
     </span>
    </p>
   </div>
  </div>
 </body>
</html>
