1799 2864
588 198 1043 237 COMMENTARIVS
1074 198 1334 237 CRITICVS

303 310 348 344 iv.
367 319 397 344 2.
418 317 461 353 50
478 309 523 343 de
544 309 754 343 Pharsalica
773 320 917 353 pugna:
946 309 1089 342 mullus
1113 309 1153 342 in
1178 320 1216 342 eo
1235 308 1378 352 proelio
1398 307 1536 341 Caesar
1540 306 1625 351 suit

302 368 512 411 mediusque
528 369 628 400 inser
643 369 898 412 imperatorem
917 372 950 400 et
967 368 1132 401 mililem.

350 436 411 469 114
430 435 451 467 4
477 424 554 459 fero
588 436 717 459 uocem
751 424 848 459 illam
883 431 936 459 tot
972 424 1110 458 milium
1145 424 1371 458 iuuentutem
1399 423 1507 466 paulo
1538 427 1623 455 ante

303 483 514 517 seruitutem
533 482 712 517 minatam
733 483 858 517 Italiae
877 483 1125 517 conferentem
1143 493 1246 516 arma
1265 481 1323 526 qui
1345 492 1410 515 usa
1429 486 1506 514 erat
1525 479 1624 523 apud

303 541 438 574 flumen
464 540 620 579 nomine,
640 541 839 574 Bathinum
859 567 866 574 .
885 568 892 575 .
912 568 919 575 .
939 540 1043 574 iustis
1071 539 1317 574 uoluminibus
1344 538 1471 572 ordine
1497 548 1624 571 narra-

301 598 433 633 bimus.
451 599 500 633 A.

347 655 508 690 ferocem
528 656 625 689 illam
644 656 688 690 P.
777 656 907 700 quibus
926 667 990 690 usa
1007 656 1052 690 P.

351 714 459 758 Quod
478 713 839 759 Amerbachiusfero
863 725 994 756 uocem,
1016 713 1215 747 Rhenanus
1226 714 1389 758 ferocem
1408 711 1624 755 interpreta-

302 778 360 806 tus
395 778 462 812 est,
497 771 606 805 credo
641 771 674 804 in
712 770 947 805 Murbacensi
988 770 1168 804 eiusmodi
1200 769 1311 804 fuisse
1342 776 1379 803 ut
1412 768 1624 814 deprauatis

301 829 440 869 litteris,
469 829 685 863 conturbata
711 828 898 872 scrIptura‚
926 828 1005 862 aliis
1033 828 1131 861 aliud
1158 827 1353 862 uideretur.
1403 829 1459 861 Ex
1483 839 1526 862 eo
1555 838 1624 870 ego

302 886 467 930 suspicor
480 886 701 931 fi’rociorem
735 885 855 930 potius
890 897 1001 930 quam
1022 886 1184 930 ferocem
1218 885 1485 918 enucleandum
1519 895 1622 918 esse:

302 950 397 978 certe
417 949 453 977 ut
472 945 506 977 ci
522 943 557 976 in
578 954 614 985 u,
634 942 685 976 sic
704 955 726 976 r
742 943 779 976 in
797 954 815 976 c
831 942 1001 976 facillime
1019 949 1095 976 erat
1114 942 1363 976 transiturum.

349 999 494 1034 Accidit
524 1000 583 1033 hic
618 999 726 1033 etiam
767 1000 865 1044 quod
906 1011 1016 1044 supra
1045 1010 1119 1034 112.
1146 1009 1168 1042 4
1193 999 1415 1040 notauimus,
1446 1005 1485 1032 ut
1512 999 1624 1032 modo

301 1058 433 1102 quibus
447 1058 558 1091 modo
571 1059 639 1101 qui
655 1058 837 1102 legeretur
854 1058 890 1091 id
906 1058 1003 1102 quod
1018 1064 1094 1092 erat
1110 1057 1145 1091 in
1163 1058 1411 1092 Murbacensi.
1451 1057 1624 1091 Fortasse

300 1116 396 1159 quib.
414 1115 541 1156 fuerat,
562 1114 689 1149 ultima
709 1115 829 1149 littera
848 1115 1007 1149 euanida
1024 1121 1059 1149 et
1078 1127 1191 1159 prope
1209 1126 1326 1149 erasa.

348 1183 405 1217 115
426 1183 445 1206 2
473 1173 624 1207 uictoria
642 1174 851 1218 praedaque
870 1180 1021 1207 onustus
1045 1173 1212 1218 peruenit
1230 1173 1278 1206 ad
1306 1174 1502 1207 Caesarem
1523 1179 1558 1207 et
1577 1173 1624 1206 ob

301 1244 344 1266 ea
378 1243 470 1276 quae
505 1231 533 1265 si
570 1231 725 1276 propriis
763 1232 937 1275 gessisset
974 1231 1141 1276 auspitiis
1180 1231 1407 1275 triumphare
1447 1231 1625 1265 debuerat

300 1289 526 1323 ornamentis
552 1289 835 1333 triumphalibus
865 1288 1118 1323 consentiente
1149 1301 1231 1323 cum
1262 1288 1389 1322 iuditio
1420 1288 1623 1333 principum

302 1348 487 1381 uoluntate
506 1354 654 1381 senatus
673 1354 737 1382 est.
756 1348 805 1381 Α.

346 1410 497 1439 senalus
513 1409 565 1438 est
581 1405 693 1439 etiam
711 1406 756 1448 P,
776 1406 840 1439 sed
860 1405 895 1439 in
914 1417 1027 1449 marg.
1049 1406 1249 1439 Rhenanus
1273 1405 1464 1439 adnotauit
1484 1404 1491 1420 ‘
1509 1405 1626 1439 dona-

301 1470 358 1496 tus
379 1463 481 1497 deest
501 1469 561 1496 aut
582 1462 720 1497 simile.’
774 1464 873 1497 Num
892 1463 957 1497 fuit
976 1463 1204 1496 adornatus?
1250 1464 1340 1497 Hor.
1360 1463 1456 1507 Epp.
1476 1462 1509 1497 ii.
1530 1472 1561 1497 2.
1581 1472 1624 1505 32

303 1522 438 1555 Clarus
455 1521 495 1554 ob
513 1521 556 1554 id
558 1521 711 1566 saelum
729 1521 834 1555 donis
857 1525 1018 1555 ornatur
1036 1521 1206 1563 honestis,
1225 1521 1270 1555 de
1297 1521 1410 1555 milite
1437 1520 1498 1566 qui
1518 1532 1623 1565 prae-

301 1578 433 1612 sidium
453 1579 574 1621 regale
593 1579 672 1612 loco
691 1578 883 1613 deiecerat.
920 1580 968 1613 Et
988 1578 1066 1623 ipse
1084 1578 1243 1613 Velleius
1262 1588 1321 1612 121
1339 1579 1397 1613 fin.
1411 1580 1625 1623 praeceptas

299 1637 406 1670 donis
422 1637 620 1669 adornatos
639 1638 750 1670 uiros.

349 1696 411 1728 116
435 1705 447 1728 1
470 1706 606 1738 magna
625 1694 660 1728 in
679 1695 773 1729 bello
794 1695 1002 1729 Delmatico
1027 1695 1274 1739 experimenta
1296 1695 1438 1729 uirtutis
1459 1705 1506 1728 ne
1526 1694 1624 1734 (dem

301 1753 337 1786 in
357 1753 491 1786 multos
511 1765 554 1786 ac
573 1753 731 1787 difficilis
751 1754 848 1787 locos
868 1754 1090 1798 praemissus
1111 1752 1352 1787 Germanicus
1379 1753 1478 1787 dedit
1490 1753 1624 1786 celebri

300 1810 412 1845 etiam
443 1822 554 1854 opera
584 1811 747 1855 diligenti
778 1811 875 1856 quib.
907 1811 961 1845 ius
994 1812 1187 1845 Postumus
1219 1811 1272 1845 uir
1301 1811 1502 1845 consularis
1530 1823 1625 1855 quae

301 1869 440 1913 positus
462 1869 669 1903 Delmatiae
687 1876 904 1904 ornamenta
923 1870 1051 1904 meruit
1072 1870 1314 1913 triumphalia.
1333 1871 1383 1904 A.

347 1925 480 1960 celebri
506 1926 617 1960 etiam
644 1938 755 1970 opera
781 1927 956 1971 diligenti.
999 1926 1131 1972 quibus
1160 1927 1270 1961 Iulius
1300 1927 1545 1970 Posthumius‚
1570 1927 1626 1961 uir

301 1984 513 2027 consularis,
533 1985 764 2029 praepositus
794 1985 1016 2027 Dalmatiae,
1036 1997 1067 2020 o.
1088 1997 1137 2020 m.
1155 1992 1180 2019 t.
1200 1986 1242 2020 P.
1342 1986 1407 2020 ‘ex
1426 1993 1494 2021 uet.
1514 1985 1624 2020 habet

302 2042 368 2076 Iul.
389 2042 606 2076 Postumus’
624 2043 757 2077 Burer.

348 2100 482 2134 Vtilem
502 2099 561 2134 hic
579 2112 726 2145 operam
751 2101 900 2135 nauauit
931 2103 1053 2144 Burer,
1072 2101 1132 2146 qui
1158 2113 1231 2135 non
1254 2102 1371 2136 solum
1389 2102 1625 2136 Amerbachii

301 2156 529 2200 diligentiam
557 2157 592 2191 in
620 2158 881 2202 orthographia
907 2159 1119 2201 ostenderit,
1147 2171 1231 2193 nam
1263 2160 1320 2193 hic
1351 2160 1561 2193 Delmatiae
1589 2167 1626 2194 et

301 2221 387 2248 ante
401 2215 608 2249 Delmatico
623 2222 720 2249 recte
739 2222 775 2250 et
789 2227 832 2249 ex
852 2216 1090 2250 Murbacensi*
1106 2216 1261 2261 scripsit,
1281 2224 1409 2251 contra
1423 2217 1624 2251 Rhenanus

302 2272 531 2315 Dczlomtz'ae,
562 2274 796 2316 Dalmatico3
837 2274 901 2307 sed
937 2285 1019 2308 cum
1055 2275 1257 2308 Rhenanus
1291 2274 1466 2309 edidisset
1500 2276 1626 2309 Iulius

301 2330 555 2374 posthumius,
590 2342 663 2365 non
699 2332 768 2365 hoc
801 2331 910 2365 fuisse
946 2331 981 2365 in
1019 2332 1265 2375 Murbacensi‚
1301 2333 1365 2367 sed
1392 2332 1465 2367 lul.
1489 2333 1623 2366 Possu-

302 2398 384 2420 mus
411 2387 508 2422 idem
540 2390 653 2422 Burer
687 2388 804 2433 ipsum
840 2388 1001 2423 codicem
1029 2396 1209 2423 scrutatus
1243 2389 1444 2425 tradiderit.
1496 2391 1624 2434 Itaque

302 2445 419 2480 fuerat
449 2445 484 2479 in
514 2447 748 2481 Murbacensi
779 2447 953 2492 dilcgenlz'
983 2447 1078 2490 qzc.'b.
1112 2448 1171 2481 ius
1207 2447 1278 2492 (uel
1305 2448 1394 2492 Iul.)
1414 2450 1624 2492 postumus.

935 2513 992 2543 182
