1799 2864
111 929 150 951 10

106 1572 146 1594 20

711 220 882 257 LIBER
910 220 953 257 11

175 331 370 382 equitibus
390 331 430 369 in
450 332 600 370 theatro
624 332 710 369 loca
735 330 910 369 restituit.
968 338 1007 368 at
1028 331 1099 369 Cn.
1123 329 1335 379 Pompeius
1362 329 1492 368 multis
1510 344 1529 373 4

174 405 211 434 et
231 395 434 446 praeclaris
455 395 545 433 uiris
565 395 604 432 in
625 394 666 433 id
682 395 828 432 bellum
848 394 1066 443 adsumptis
1082 394 1347 443 discriptoque
1367 408 1492 444 paene

173 461 212 498 in
247 460 374 498 omnis
411 473 585 497 recessus
619 459 734 497 maris
768 458 962 508 praesidio
996 458 1169 505 nauium,
1201 458 1310 496 breui
1343 458 1493 496 inexsu-

172 523 333 573 perabili
362 537 481 561 manu
510 531 695 561 terrarum
725 523 861 561 orbem
893 523 1071 561 liberauit
1097 524 1395 572 praedonesque
1424 537 1490 572 per

172 590 293 626 multa
318 601 363 625 ac
383 588 515 626 multis
541 588 636 626 locis
664 587 789 626 uictos
813 587 915 625 circa
935 587 1114 626 Ciliciam
1141 589 1263 625 classe
1286 588 1491 636 adgressus

170 652 269 690 fudit
289 665 334 689 ac
354 651 525 701 fugauit3
554 660 592 690 et
612 665 691 701 quo
718 651 904 690 maturius
929 652 1076 689 bellum
1103 660 1182 690 tam
1209 654 1285 690 late
1305 652 1490 691 diffusum
1511 668 1527 698 5

170 717 389 763 conficeret,
411 716 592 766 reliquias
613 730 747 754 eorum
769 723 987 754 contractas
1011 716 1051 754 in
1078 716 1240 755 urbibus
1260 724 1491 766 remotoque

169 781 265 818 mari
290 782 379 819 loco
401 779 473 833 [in]
495 789 599 819 certa
625 783 718 819 sede
742 781 953 819 constituit.
1013 788 1102 819 sunt
1123 781 1190 830 qui
1216 782 1292 819 hoc
1318 789 1489 831 carpant,

168 846 237 883 sed
271 858 510 894 quamquam
548 845 588 883 in
621 853 779 884 auctore
813 845 903 884 satis
935 845 1093 884 rationis
1127 854 1195 893 est,
1228 854 1359 884 tamen
1394 846 1490 884 ratio

167 909 383 958 quemlibet
412 922 597 959 magnum
626 918 826 948 auctorem
855 911 997 948 faceret
1012 925 1022 958 ,·
1051 911 1143 948 data
1173 910 1278 948 enim
1308 911 1490 949 facultate

168 973 251 1012 sine
271 982 381 1023 rapto
401 974 564 1012 uiuendi
584 974 727 1023 rapinis
748 974 880 1012 arcuit.

221 1039 323 1077 Cum
353 1046 454 1076 esset
483 1038 522 1076 in
553 1039 630 1076 fine
659 1039 806 1076 bellurn
836 1038 1041 1088 piraticum
1070 1047 1109 1077 et
1136 1041 1177 1077 L.
1202 1041 1400 1086 Lucullus,
1423 1039 1489 1089 qui
1507 1055 1558 1092 33

167 1110 257 1140 ante
286 1110 436 1152 septem
463 1116 587 1141 annos
618 1116 664 1141 ex
692 1105 898 1141 consulatu
928 1103 1084 1142 sortitus
1105 1103 1239 1142 Asiam
1271 1103 1491 1142 Mithridati

167 1167 369 1216 oppositus
397 1175 476 1205 erat
505 1181 745 1217 magnasque
775 1176 812 1206 et
842 1168 1106 1207 memorabilis
1136 1182 1195 1207 res
1224 1168 1278 1207 ibi
1307 1177 1487 1218 gesserat,

168 1232 423 1270 Mithridaten
463 1245 579 1281 saepe
617 1232 748 1270 multis
787 1233 883 1271 locis
917 1234 1080 1280 fuderat,
1120 1233 1272 1283 egregia
1303 1233 1487 1282 Cyzicum

166 1296 344 1334 liberarat
374 1295 546 1342 uictoria,
578 1296 785 1346 Tigranen,
816 1310 950 1347 regum
980 1297 1204 1344 maximum,
1233 1297 1273 1335 in
1302 1297 1490 1335 Armenia

165 1361 311 1398 uicerat
352 1360 609 1410 ultimamque
648 1361 751 1399 bello
789 1375 950 1399 manum
988 1375 1113 1411 paene
1151 1362 1273 1411 magis
1311 1364 1488 1400 noluerat

165 1425 366 1474 imponere
387 1438 504 1474 quam
526 1439 605 1463 non
633 1434 822 1474 potuerat,
845 1426 912 1476 qui
939 1426 1085 1476 alioqui
1111 1440 1179 1476 per
1200 1426 1332 1465 omnia
1358 1428 1488 1465 lauda-

165 1489 252 1527 bilis
273 1497 310 1527 et
330 1488 434 1527 bello
454 1503 579 1538 paene
599 1489 768 1528 inuictus
788 1491 978 1539 pecuniae
1002 1491 1269 1540 pelliciebatur
1289 1492 1484 1541 cupidine,

164 1554 269 1592 idem
304 1554 449 1591 bellum
483 1555 614 1592 adhuc
647 1554 944 1602 administraret,
979 1555 1165 1593 Manilius
1204 1555 1382 1594 tribunus
1419 1557 1484 1605 pL,

163 1631 317 1667 semper
336 1617 484 1656 uenalis
505 1626 542 1656 et
568 1618 718 1656 alienae
745 1619 919 1657 minister
942 1620 1152 1668 potentiae,
1175 1621 1300 1669 legem
1324 1620 1421 1667 tulit,
1444 1629 1486 1659 ut

208 1734 221 1753 1
248 1725 360 1762 aequit.
391 1724 424 1754 A
579 1725 653 1756 loco
692 1725 765 1766 del„
804 1725 875 1756 dein
913 1731 1071 1766 suprascr.
1110 1726 1184 1756 loca
1214 1726 1247 1755 A
1397 1714 1486 1757 mitis

163 1766 230 1804 deb,
257 1767 329 1797 dein
344 1773 501 1808 suprascr.
530 1768 642 1799 multis
665 1768 698 1798 A
813 1779 832 1799 2
856 1769 936 1799 uiris
960 1770 1015 1805 bis,
1040 1769 1137 1799 altero
1161 1769 1257 1799 deleto
1279 1769 1313 1798 A
1420 1770 1485 1800 dis-

161 1810 269 1849 cripto
285 1821 371 1849 quae
388 1811 421 1840 A
439 1823 446 1842 :
471 1812 709 1851 descriptoque
727 1812 760 1842 P
889 1823 999 1852 paene
1010 1813 1124 1842 Haase
1139 1824 1146 1844 z
1171 1823 1235 1843 nae
1253 1824 1294 1843 ue
1312 1813 1356 1852 A,
1376 1824 1441 1845 om,
1455 1813 1489 1843 P

161 1863 180 1891 3
206 1854 353 1893 presidio
381 1854 414 1883 A
519 1855 654 1895 inexup.
680 1855 714 1885 P
871 1867 889 1893 4
914 1856 1002 1887 malo
1029 1856 1128 1886 Herel
1289 1867 1351 1896 per
1382 1857 1484 1887 multa

162 1907 180 1926 a
204 1898 318 1928 multis
341 1897 430 1928 AP:
463 1898 564 1929 ‘alias
588 1909 626 1929 ac
650 1897 780 1930 multis'
798 1899 907 1929 Burer
1053 1909 1072 1937 5
1097 1899 1194 1930 uictis
1215 1899 1248 1928 A
1340 1900 1483 1930 Cilitiam

160 1939 193 1969 A
306 1942 326 1970 6
350 1951 415 1980 quo
431 1940 482 1972 P:
505 1943 593 1980 quod
616 1942 648 1971 A
760 1943 780 1972 8
803 1954 822 1973 a
840 1943 919 1973 mari
940 1942 1086 1973 Gelenius
1166 1943 1200 1973 in
1217 1942 1387 1973 delendum
1402 1947 1485 1983 puto

160 1994 180 2022 9
203 1985 263 2014 sed
281 1994 355 2014 curn
380 1985 412 2014 in
435 1990 570 2016 auctore
594 1986 675 2016 satis
695 1986 779 2016 ratio
803 1991 854 2016 est
881 1992 951 2017 tum
976 1987 1061 2017 ratio
1080 1985 1172 2016 Cobet
1259 1989 1295 2016 tr'1
1320 1986 1387 2025 del„
1413 1986 1482 2016 dein

160 2032 316 2067 suprascr.
351 2032 386 2058 tu
416 2028 474 2058 A:
513 2034 583 2059 tum
613 2028 647 2058 P
836 2040 871 2060 11
898 2030 1007 2068 arguit
1037 2029 1070 2058 A
1265 2039 1303 2059 12
1328 2029 1377 2070 et]
1410 2040 1484 2060 cum

162 2087 194 2112 et
211 2081 281 2111 ΑΡ
443 2093 481 2121 13
505 2094 548 2113 ex
572 2083 672 2114 COS.
695 2082 745 2114 P:
778 2094 821 2114 ex
845 2085 943 2115 COS.
968 2083 1026 2114 A:
1051 2095 1094 2114 ex
1118 2084 1293 2114 consulatu
1316 2083 1415 2114 Voss:
1440 2095 1484 2114 ex

162 2125 299 2155 consule
322 2124 479 2156 Heinsius
593 2137 630 2165 14
655 2132 688 2157 et
712 2126 744 2156 A
763 2138 770 2158 :
809 2137 847 2158 ac
870 2126 904 2157 P
988 2128 1221 2158 memorabiles
1244 2127 1313 2157 AF
1446 2137 1482 2166 15

162 2168 380 2199 Mithridaten
397 2168 450 2199 P:
476 2169 704 2200 Mithridatem
727 2170 760 2199 A
901 2171 1069 2210 egregiaq.
1096 2170 1166 2210 del„
1191 2171 1262 2201 dein
1287 2171 1424 2209 egregia
1447 2170 1480 2200 A

164 2213 203 2242 16
225 2212 393 2251 Tigranen
416 2211 468 2242 P:
501 2213 708 2252 Tigrannem
732 2213 765 2242 A
870 2224 986 2253 regem
1013 2215 1110 2244 Kritz
1274 2225 1309 2253 17
1335 2224 1423 2253 pene
1447 2214 1480 2243 A

165 2256 202 2285 18
227 2266 309 2285 num
332 2256 479 2294 quique?
615 2267 653 2296 19
676 2257 862 2296 pellebatur
883 2258 941 2288 A:
973 2258 1206 2296 expellebatur
1229 2257 1279 2287 P:
1314 2260 1377 2288 ‘sc.
1405 2257 1481 2287 belli

161 2298 471 2329 administratione'
495 2299 673 2340 Wopkens:
712 2301 930 2339 pellicebatur
957 2300 1152 2331 Warburton
1177 2301 1275 2330 nescio
1298 2311 1360 2340 quo
1382 2311 1484 2330 errore

156 2347 218 2382 pro
248 2343 488 2381 pelliciebatur,
517 2343 604 2383 quod
631 2349 735 2384 nuper
761 2344 839 2375 coni.
868 2344 1030 2384 Maduig:
1073 2344 1285 2383 polluebatur
1314 2344 1481 2383 Bernays:

161 2386 338 2416 tenebatur
361 2385 493 2416 Scm‘ner
630 2397 672 2418 20
697 2387 832 2417 Manibu
857 2387 929 2427 del„
953 2387 1024 2418 dein
1050 2387 1208 2418 Manilius
1227 2387 1260 2416 A
1360 2397 1398 2417 21
1425 2388 1483 2417 im-

161 2429 331 2468 potentiae
353 2429 549 2460 Warbumon

782 2547 818 2579 5¹
1270 2528 1316 2568 4*
