1799 2864
660 203 864 240 VELLEI
896 201 1213 240 PATERCVLI

274 312 427 362 aequali
465 312 615 351 diuisae
652 312 857 351 interuallo
889 312 940 349 ab
978 313 1090 350 hoste
1124 311 1223 349 intra
1260 323 1406 361 paucos
1440 309 1523 348 dies
1561 309 1599 347 in

276 378 475 428 praedicto
509 380 597 417 loco
636 391 725 416 cum
761 378 928 416 Caesare
957 391 993 415 se
1023 377 1224 414 iuncturae
1255 384 1373 422 erant,
1401 388 1490 413 cum
1521 375 1602 412 uni-

276 457 387 481 uersa
417 443 631 490 Pannonia,
653 443 825 481 insolens
845 444 984 492 longae
1011 441 1116 492 pacis
1138 441 1262 488 bonis,
1284 442 1418 479 adulta
1441 439 1600 486 uiribus,

278 507 475 546 Delmatia
505 507 768 556 omnibusque
799 515 943 545 tractus
974 506 1056 545 eius
1087 506 1267 556 gentibus
1301 506 1340 543 in
1375 505 1601 543 societatem

238 590 255 619 3
275 573 455 612 adductis
488 572 636 619 consili,
666 584 774 610 arma
796 571 997 621 corripuit.
1056 579 1139 609 tum
1174 571 1390 609 necessaria
1427 569 1603 620 gloriosis

276 638 496 688 praeposita
524 651 654 688 neque
683 645 810 675 tutum
835 636 963 675 uisum
992 636 1128 675 abdito
1157 636 1196 674 in
1227 636 1408 675 interiora
1434 635 1603 674 exercitu

276 717 441 741 uacuam
489 711 569 740 tam
616 702 748 740 uicino
795 701 897 739 hosti
939 701 1156 750 relinquere
1205 701 1368 739 Italiam.
1427 701 1601 750 gentium

276 768 571 817 nationumque,
603 780 703 816 quae
733 767 1026 812 rebellauerant,
1059 766 1186 804 omnis
1220 780 1404 804 numerus
1435 766 1602 816 amplius

276 837 415 871 †DCCC
454 832 610 870 milibus
649 831 853 880 explebat3
899 842 947 868 CC
985 831 1063 868 fere
1101 830 1278 879 peditum
1322 830 1604 880 colligebantur

239 919 258 947 4
276 897 392 935 armis
416 896 570 943 habilia,
599 895 775 945 equitum
800 907 904 932 V1111.
963 894 1072 933 cuius
1099 894 1300 933 inmensae
1330 896 1601 943 multitudinis,

277 962 446 1012 parentis
493 960 689 999 acerrimis
736 973 782 998 ac
804 959 808 962 ”
829 958 1071 1008 peritissimis
1120 959 1299 1006 ducibus,
1341 973 1428 1009 pars
1472 968 1604 1010 petere

278 1028 430 1066 Italiam
471 1029 696 1065 decreuerat
742 1025 915 1063 iunctam
964 1024 1037 1062 sibi
1083 1024 1276 1074 Nauporti
1316 1038 1362 1063 ac
1409 1026 1604 1075 Tergestis

278 1092 460 1139 confinio,
487 1105 574 1141 pars
603 1091 642 1128 in
675 1090 953 1129 Macedoniam
984 1103 1024 1128 se
1054 1091 1252 1136 effuderat,
1284 1103 1371 1139 pars
1401 1090 1479 1128 suis
1509 1091 1606 1129 sedi·

279 1159 351 1195 bus
385 1156 621 1206 praesidium
654 1169 738 1194 esse
769 1154 1042 1194 destinauerat.
1102 1153 1270 1192 maxima
1303 1155 1459 1193 duobus
1492 1157 1606 1193 Bato-

242 1222 393 1268 5nibus
435 1235 480 1259 ac
520 1221 674 1259 Pinneti
717 1220 884 1259 ducibus
925 1219 1134 1258 auctoritas
1179 1227 1268 1257 erat.
1339 1219 1377 1257 in
1420 1220 1604 1258 omnibus

277 1296 408 1326 autem
437 1286 651 1325 Pannoniis
681 1300 761 1324 non
791 1285 1020 1334 disciplinae
1047 1286 1334 1331 tantummodo,
1358 1287 1427 1324 sed
1451 1285 1606 1335 linguae

279 1365 438 1402 quoque
459 1350 597 1389 notitia
618 1353 834 1397 Romanae,
857 1349 1052 1399 plerisque
1079 1349 1195 1387 etiam
1223 1349 1434 1387 litterarum
1455 1364 1548 1388 usus
1569 1358 1607 1388 et

279 1416 476 1465 familiaris
505 1416 726 1454 animorum
756 1424 836 1454 erat
865 1414 1111 1453 exercitatio:
1146 1414 1277 1464 itaque
1304 1416 1480 1453 hercules
1502 1417 1608 1454 nulla

281 1495 469 1531 umquam
494 1480 601 1519 natio
630 1488 708 1518 tarn
739 1488 889 1518 mature
919 1479 1083 1518 consilio
1114 1479 1204 1517 belli
1234 1480 1380 1518 bellum
1411 1480 1534 1519 iunxit
1562 1495 1608 1519 ac

243 1549 437 1587 6decreta
467 1545 642 1595 patrauit.
708 1545 883 1594 oppressi
914 1544 1016 1583 cives
1057 1543 1239 1591 Romani,
1276 1544 1455 1583 trucidati
1494 1559 1609 1596 nego-

281 1611 448 1657 tiatores,
471 1624 634 1660 magnus
656 1609 940 1648 uexillariorum
958 1623 1143 1647 numerus
1163 1611 1213 1647 ad
1234 1608 1541 1648 internecionem
1563 1624 1609 1648 ea

280 1676 319 1714 in
354 1675 522 1725 regione,
559 1688 659 1725 quae
692 1674 903 1724 plurimum
937 1675 988 1712 ab
1019 1674 1251 1724 imperatore
1281 1674 1425 1721 aberat,
1459 1689 1606 1722 caesus,

325 1789 343 1808 2
368 1789 405 1809 se
430 1779 480 1808 lzic
505 1777 579 1808 add.
606 1777 737 1807 Krause
824 1788 898 1808 cum
924 1777 971 1809 P:
1006 1783 1075 1808 turn
1103 1777 1168 1807 BA
1335 1788 1354 1815 3
1380 1783 1413 1808 et
1440 1779 1555 1809 adulta
1579 1778 1613 1808 P

281 1823 395 1853 adiuta
412 1822 538 1852 uiribus
554 1821 741 1851 Delmatiae
759 1821 896 1851 Vrsinus
1081 1830 1100 1859 5
1125 1821 1253 1851 consilii
1270 1820 1434 1854 Fro'lzliclz:
1460 1822 1609 1852 constitit

281 1865 369 1895 AP:
395 1866 578 1895 constituto
609 1865 689 1894 Voss
864 1866 885 1894 6
908 1865 1021 1894 abdito
1047 1865 1101 1895 A:
1136 1865 1250 1894 addito
1276 1863 1309 1893 P
1470 1875 1484 1904 7
1511 1866 1609 1895 relin—

281 1919 384 1948 quere
411 1908 539 1939 Italiam
563 1907 614 1938 P:
646 1908 839 1946 relinquere
861 1918 926 1938 om.
945 1908 989 1947 A,
1012 1908 1097 1937 unde
1118 1909 1262 1948 suspicor
1281 1908 1483 1938 scm'bendum
1500 1909 1610 1948 potius

283 1964 411 1994 Italiam
429 1963 620 2001 relinquere
752 1973 773 2001 9
797 1973 888 1993 Acce.
907 1962 954 1993 P:
987 1972 1066 1993 accc
1081 1963 1115 1992 A
1133 1975 1139 1993 :
1172 1973 1253 1993 Dccc
1278 1963 1426 1993 Gelenius
1571 1973 1606 1993 11

282 2007 431 2046 parentis
448 2006 513 2035 BA
531 2018 537 2037 :
563 2017 639 2044 pars
655 2005 688 2034 P
794 2011 910 2044 petere
927 2005 1014 2036 BA:
1040 2016 1223 2045 properare
1249 2007 1280 2036 in
1307 2006 1339 2035 P
1514 2016 1551 2044 13
1576 2007 1608 2036 in

283 2050 328 2081 M.
355 2051 520 2089 effugerat
545 2049 632 2080 AP:
664 2060 702 2079 se
730 2050 763 2079 in
794 2049 838 2080 M.
858 2050 1021 2079 effuderat
1052 2049 1209 2080 Vrssnus:
1248 2050 1281 2079 in
1308 2049 1353 2081 M.
1379 2060 1416 2079 se
1445 2050 1610 2080 effuderat

283 2093 457 2130 Ruhnken,
476 2097 513 2123 ut
528 2093 546 2124 i.
566 2103 594 2131 4.
607 2104 627 2132 3
642 2104 648 2131 ;
674 2093 705 2123 ii.
722 2103 734 2122 1
745 2102 790 2122 12.
805 2104 824 2131 4
936 2103 974 2131 14
998 2093 1151 2131 proxima
1166 2092 1255 2122 AP:
1280 2094 1424 2123 maxima
1440 2093 1606 2132 Heinsius,

283 2138 326 2167 sic
345 2141 374 2167 et
392 2137 537 2176 114.fin.
676 2137 806 2166 duobus
834 2136 1019 2166 Batonibus
1047 2135 1122 2173 AF,
1152 2137 1186 2175 ‘f
1214 2137 1313 2167 Dion.
1341 2136 1373 2167 C.
1402 2146 1451 2175 55.
1478 2148 1529 2176 29,
1555 2147 1607 2175 30,

282 2181 310 2211 οῖ
334 2179 477 2210 Βάτωνες
499 2190 540 2218 32
628 2178 811 2209 Rhenanus
834 2184 943 2210 tamen
961 2185 995 2219 p.
1018 2190 1057 2218 70
1074 2179 1245 2210 aduolauit
1262 2181 1324 2209 ‘sic
1337 2180 1507 2219 legendum
1530 2184 1610 2220 puto

285 2225 442 2254 Proxima
468 2223 590 2254 Batoni
614 2233 653 2253 ac
672 2223 780 2253 Pineti
805 2223 945 2253 ducibus
969 2234 998 2254 a.
1025 2222 1120 2255 erat,'
1138 2224 1283 2261 allegatis
1303 2223 1378 2253 Vell.
1402 2223 1434 2253 ii.
1456 2233 1525 2261 114.
1543 2235 1562 2262 4
1584 2228 1611 2253 ct

284 2267 373 2298 Suet.
398 2268 462 2298 Tib.
485 2278 525 2297 20
548 2266 604 2296 ubi
618 2267 717 2296 unius
737 2270 867 2296 tantum
885 2266 1024 2296 Batonis
1045 2267 1162 2296 mentio
1175 2267 1237 2305 fit:
1272 2266 1392 2296 Batoni
1409 2277 1447 2296 ac
1467 2267 1502 2297 P.
1521 2267 1609 2296 duci-

283 2312 345 2341 bus
370 2311 421 2340 uel
443 2311 574 2340 duobus
599 2310 740 2340 ducibus
766 2310 887 2340 Batoni
909 2321 946 2339 ac
966 2310 1000 2340 P.
1019 2310 1137 2347 Halm,
1153 2310 1222 2348 sere
1243 2314 1278 2339 ut
1302 2311 1438 2340 Vrsinus
1573 2311 1611 2339 16

285 2355 460 2393 discipline
478 2354 510 2383 A
620 2354 658 2383 18
681 2363 848 2383 armorum
865 2352 968 2383 Botlze
1066 2363 1105 2392 19
1129 2358 1277 2384 maturae
1293 2353 1326 2383 A
1428 2363 1469 2383 20
1494 2363 1611 2393 negoc.

284 2397 354 2427 ΑΡ
483 2407 520 2427 21
548 2397 703 2428 internet.
722 2395 793 2426 ΑΡ

905 2517 965 2539 120

1626 910 1664 932 10

1629 1559 1669 1581 20
