1799 2864
258 568 272 588 2

682 182 886 220 VELLEI
919 181 1237 220 PATERCVLI

293 292 561 332 munificentia
581 306 774 342 superque
794 293 1006 330 humanam
1028 299 1165 329 euecta
1177 291 1296 328 fidem
1313 289 1502 339 templum
1523 288 1621 339 patri

294 358 472 397 molitur!
529 371 647 408 quam
682 357 890 407 magnifico
927 356 1047 395 animi
1084 363 1394 406 temperamento
1424 356 1496 394 Cn.
1529 367 1622 404 quo-

293 437 370 473 que
397 423 561 473 Pompei
589 436 751 461 munera
775 423 984 472 absumpta
1008 421 1085 471 igni
1112 420 1299 459 restituit!
1341 419 1406 469 qui
1428 419 1622 469 quidquid

294 503 482 539 umquam
521 488 751 527 claritudine
790 488 965 534 eminuit,
1001 487 1041 526 id
1079 488 1200 526 ueluti
1239 495 1449 537 cognatum
1488 493 1622 524 censet

294 555 497 592 tuendum.
552 567 629 603 qua
649 553 877 591 liberalitate
898 566 988 591 cum
1009 552 1114 599 alias,
1146 560 1228 590 tum
1256 552 1430 602 proxime
1460 551 1622 589 incenso

296 627 430 657 monte
451 618 587 658 Caelio
617 617 745 656 omnis
775 617 922 655 ordinis
952 616 1158 655 hominum
1188 616 1357 655 iacturae
1387 614 1622 666 patrimonio

295 683 482 722 succurrit
503 686 598 721 suo!
647 689 793 731 quanta
821 695 911 719 cum
942 680 1072 730 quiete
1102 680 1307 718 hominum
1338 694 1418 718 rem
1446 679 1622 730 perpetui

297 747 574 798 praecipuique
595 745 755 792 timoris,
774 747 1104 795 supplementum,
1127 744 1210 783 sine
1226 745 1485 794 trepidatione
1498 746 1624 782 delec-

262 832 280 862 3
298 821 359 851 tus
389 812 593 862 prouidetl
642 811 673 849 si
696 818 762 848 aut
789 818 926 848 natura
955 809 1098 859 patitur
1123 818 1189 847 aut
1214 809 1461 848 mediocritas
1488 809 1623 859 recipit

261 1286 279 1314 4

296 877 514 923 hominum,
554 883 621 914 aut
659 874 756 913 ratio
794 875 958 913 deorum
997 888 1087 912 cum
1127 874 1209 912 deis
1252 874 1383 923 queri:
1427 873 1522 923 quid
1560 873 1624 911 hic

296 941 446 988 meruit,
478 940 647 990 primum
683 947 724 977 ut
755 940 941 977 scelerata
976 941 1127 976 Drusus
1161 938 1261 976 Libo
1292 938 1404 977 iniret
1434 938 1624 977 consilia?

296 1007 441 1045 deinde
462 1014 503 1044 ut
525 1005 662 1044 Silium
690 1004 955 1054 Pisonemque
982 1012 1061 1042 tam
1091 1019 1108 1038 *
1134 1019 1152 1039 »ιε
1177 1020 1194 1039 *
1217 1004 1373 1043 alterius
1395 1004 1623 1054 dignitatem

297 1071 509 1118 constituit,
532 1070 637 1109 auxit
663 1070 848 1108 alterius?
878 1078 919 1107 ut
946 1071 996 1108 ad
1018 1070 1164 1108 maiora
1184 1071 1470 1116 transcendam,
1493 1083 1626 1119 quam-

297 1151 416 1186 quam
437 1144 475 1174 et
495 1137 592 1174 haec
618 1136 681 1173 ille
708 1134 817 1173 duxit
843 1134 1022 1181 maxima,
1054 1134 1161 1184 quid,
1187 1143 1229 1172 ut
1250 1134 1412 1172 iuuenes
1433 1133 1626 1172 amitteret

298 1201 427 1240 filios?
480 1200 587 1250 quid,
619 1208 661 1238 ut
695 1208 881 1250 nepotem
915 1213 961 1238 ex
997 1202 1127 1238 Druso
1157 1202 1257 1238 suo?
1296 1201 1468 1238 dolenda
1496 1200 1626 1237 adhuc

298 1266 540 1305 rettulimus:
570 1265 812 1304 ueniendum
843 1266 894 1303 ad
923 1266 1192 1304 erubescenda
1225 1274 1292 1303 est.
1362 1264 1517 1314 quantis
1551 1266 1628 1303 hoc

298 1331 520 1378 triennium,
559 1332 613 1368 M.
648 1329 789 1377 Vinici,
831 1329 1032 1368 doloribus
1076 1329 1259 1368 lacerauit
1306 1329 1481 1367 animum
1521 1329 1627 1367 eius!

297 1410 416 1446 quam
457 1395 524 1434 diu
564 1396 755 1441 abstruso,
798 1396 906 1444 quod
947 1394 1205 1432 miserrimum
1248 1402 1316 1441 est,
1357 1402 1493 1444 pectus
1545 1393 1628 1432 eius

297 1460 472 1511 flagrauit
502 1459 698 1506 incendio,
734 1460 842 1509 quod
877 1473 922 1498 ex
954 1473 1064 1505 nuru,
1096 1460 1204 1508 quod
1235 1472 1281 1497 ex
1312 1466 1455 1508 nepote
1483 1459 1626 1505 dolere,

264 1525 502 1575 5indignari,
539 1525 768 1563 erubescere
807 1533 966 1563 coactus
1005 1527 1085 1562 est!
1140 1523 1250 1562 cuius
1289 1523 1474 1573 temporis
1512 1523 1629 1573 aegri-

221 1867 283 1903 131

299 1594 477 1632 tudinem
512 1592 617 1631 auxit
651 1592 793 1630 amissa
827 1600 959 1638 mater,
994 1591 1303 1630 eminentissima
1332 1599 1370 1629 et
1399 1604 1467 1640 per
1496 1590 1629 1628 omnia

298 1658 382 1697 deis
431 1672 548 1707 quam
589 1657 817 1695 hominibus
861 1656 1021 1694 similior
1060 1656 1216 1702 femina,
1259 1655 1369 1693 cuius
1412 1655 1628 1705 potentiam

300 1737 417 1762 nemo
461 1722 580 1761 sensit
625 1722 698 1760 nisi
737 1730 802 1760 aut
847 1721 1044 1760 leuatione
1091 1721 1252 1771 periculi
1296 1729 1362 1759 aut
1403 1720 1630 1759 accessione

300 1788 508 1839 dignitatis.

355 1855 473 1891 Voto'
501 1852 717 1891 finiendum
761 1853 948 1890 uolumen
987 1857 1047 1889 est.
1109 1851 1285 1901 Iuppiter
1323 1849 1556 1900 Capitoline,
1593 1858 1630 1888 et

345 1977 364 1996 2
388 1961 449 1997 &N
474 1967 528 1997 A:
565 1965 636 1996 CN.
665 1965 698 1994 P
782 1975 802 2003 3
825 1965 882 2004 qui
899 1966 1034 2004 quidem
1052 1976 1151 2004 quam
1167 1965 1259 1996 AP:
1286 1966 1385 1996 ‘alias
1401 1966 1457 2005 qui
1475 1967 1632 2005 quicquid

304 2021 450 2049 unquam
465 2009 470 2020 ⁷
484 2009 688 2040 Rhenanus:
714 2009 870 2048 quicquid
889 2010 978 2039 enim
993 2019 1148 2048 umquam
1165 2009 1300 2040 Haase:
1315 2009 1459 2048 fortasse
1470 2011 1632 2049 quidquid

304 2064 459 2092 umquam
615 2054 636 2082 6
659 2052 775 2082 Caelio
800 2053 855 2083 A:
890 2053 983 2083 Caeli
1011 2052 1044 2082 P
1194 2054 1214 2082 8
1239 2052 1380 2083 dilectus
1396 2053 1429 2082 A
1594 2064 1633 2084 10

303 2119 385 2138 auro
413 2109 478 2138 deo
510 2118 584 2138 cum
617 2108 658 2137 de
690 2107 742 2136 his
769 2107 865 2145 queri
896 2106 984 2138 AF:
1032 2112 1089 2137 aut
1121 2108 1204 2138 ratio
1238 2102 1300 2143 gio]
1332 2108 1450 2138 Orelli:
1493 2108 1631 2138 deorum

305 2151 490 2181 Rhenanus
504 2162 511 2181 :
540 2162 614 2181 cum
628 2151 700 2181 deis
714 2150 882 2190 Heinsius,
899 2152 959 2189 qni
971 2154 1080 2181 tamen
1104 2151 1223 2181 maluit
1234 2152 1342 2181 audeo
1357 2162 1430 2182 cum
1448 2152 1518 2182 deis
1535 2152 1632 2190 queri

305 2195 394 2234 qnod
408 2199 586 2234 receperunt
601 2194 696 2224 Kritz
711 2197 739 2223 et
759 2194 885 2225 Halm:
911 2196 951 2225 de
973 2195 1036 2225 deo
1062 2205 1133 2224 cum
1153 2195 1224 2225 deis
1241 2195 1337 2234 queri
1355 2196 1422 2225 iam
1439 2199 1514 2225 ante
1529 2195 1631 2224 Hein-

303 2239 391 2268 siunt
414 2239 559 2271 Vrsinus.
579 2238 856 2278 quodpraen‘n'sso
872 2239 980 2268 audeo
998 2238 1050 2268 uel
1070 2248 1154 2268 aueo
1171 2239 1385 2279 suppleucm'm
1521 2248 1558 2267 12
1583 2239 1632 2268 in-

306 2282 410 2313 festos
435 2282 574 2312 haberet
590 2291 731 2320 quorum
754 2282 914 2321 suppleuit
936 2281 1116 2311 Burmann
1312 2293 1350 2321 14
1375 2283 1458 2312 dixit
1474 2281 1548 2319 ΑΡ,
1569 2292 1630 2313 em.

306 2325 489 2356 Rhenanus
617 2334 654 2364 15
680 2325 791 2354 Druso
805 2335 866 2355 suo
879 2325 1002 2357 threr:
1031 2325 1166 2355 Drusuo
1180 2325 1228 2355 B:
1256 2326 1368 2356 Druso
1379 2325 1448 2355 ΑΡ
1595 2326 1634 2355 16

306 2374 382 2400 rett.
401 2369 453 2400 A:
481 2374 540 2399 ret.
559 2368 592 2398 P
701 2373 750 2398 est
768 2367 833 2397 ΒΑ
849 2380 854 2400 :
881 2379 944 2399 om.
962 2368 995 2398 Ρ
1105 2379 1141 2407 17
1166 2369 1285 2399 Vinicii
1303 2369 1336 2398 B
1441 2379 1479 2408 19
1493 2369 1636 2408 fhrtasse

305 2423 371 2451 quo
389 2438 395 2444 .
416 2436 422 2443 .
442 2437 449 2444 .
468 2423 534 2451 quo
645 2412 762 2442 dolore
778 2411 811 2440 A
967 2423 1010 2442 20
1033 2413 1234 2442 erubescere
1247 2424 1312 2444 om.
1326 2412 1359 2442 Ρ
1465 2413 1633 2451 egreditu-

305 2456 418 2486 dinem
435 2456 468 2485 A
611 2465 652 2494 25
677 2461 729 2486 est
748 2455 862 2488 Orelli:
889 2456 931 2486 sit
948 2455 1018 2485 AP
1092 2456 1220 2495 Iupiter
1236 2455 1268 2485 P

942 2516 1001 2547 14²

1648 882 1685 904 10

1651 1532 1690 1554 20

1652 1857 1690 1889 25
