1799 2864
165 629 181 658 5

145 952 183 973 10

146 1597 185 1618 20

738 243 907 280 LIBER
939 244 981 280 II

202 354 368 404 imponit
396 367 566 400 manum,
602 355 656 391 M.
691 353 873 403 Lepidus,
907 354 1058 392 iuuenis
1087 356 1211 393 forma
1240 368 1357 404 quam
1388 363 1518 394 mente

201 419 346 465 melior,
379 418 515 468 Lepidi
547 417 640 464 eius,
671 418 738 467 qui
770 417 946 455 triumuir
975 419 1098 456 fuerat
1128 419 1182 456 rei
1213 419 1392 468 publicae
1427 433 1516 457 con—

200 484 428 529 stituendae,
461 482 572 529 filius,
614 482 728 520 Iunia
766 482 875 520 Bruti
913 496 1043 521 sorore
1081 491 1205 529 natus,
1246 483 1514 530 interficiendi,

200 548 313 586 simul
343 548 380 584 in
412 548 548 585 urbem
582 547 812 593 reuertisset,
836 547 1011 586 Caesaris
1041 547 1203 585 consilia
1231 547 1376 585 inierat.
1435 553 1519 585 erat
1540 567 1554 587 2

201 622 293 651 tunc
321 612 426 650 urbis
458 612 644 650 custodiis
676 611 917 661 praepositus
945 613 988 651 C.
1014 614 1225 650 Maecenas
1246 612 1425 661 equestri,
1448 614 1517 651 sed

199 676 406 726 splendido
435 689 575 725 genere
604 684 728 723 natus,
751 676 819 723 uir,
842 676 909 714 ubi
936 690 994 714 res
1021 676 1191 726 uigiliam
1219 676 1395 726 exigeret,
1425 691 1518 716 sane

199 741 404 788 exsomnis,
427 741 638 791 prouidens
658 749 775 790 atque
794 741 935 791 agendi
956 741 1093 788 sciens,
1116 742 1230 779 simul
1251 755 1344 780 uero
1370 742 1517 791 aliquid

198 822 244 846 ex
288 807 445 856 negotio
483 806 624 845 remitti
662 815 804 856 posset,
845 807 925 845 otio
966 821 1012 845 ac
1050 807 1220 845 mollitiis
1259 821 1383 857 paene
1421 810 1519 846 ultra

200 872 385 910 feminam
428 873 564 917 fluens,
604 885 684 909 non
724 871 851 909 minus
890 871 1062 921 Agrippa
1100 871 1257 911 Caesari
1296 885 1416 918 carus,
1450 874 1519 910 sed

202 937 330 975 minus
359 936 774 986 honoratus—quippe
805 936 899 974 uixit
927 936 1079 986 angusti
1107 936 1207 974 claui
1239 942 1258 975 †
1276 950 1401 986 paene
1431 951 1521 975 con-

201 1010 395 1049 tentus—‚
430 1015 504 1040 nec
535 1001 686 1040 minora
719 1001 907 1051 consequi
938 1001 1075 1051 potuit,
1109 1003 1178 1040 sed
1211 1015 1291 1040 non
1322 1010 1400 1039 tam
1431 1015 1521 1040 con-

200 1068 357 1117 cupiuit.
435 1067 498 1105 hic
545 1068 766 1116 speculatus
814 1075 871 1104 est
917 1080 986 1115 per
1032 1080 1226 1104 summam
1265 1066 1436 1115 quietem
1474 1081 1521 1105 ac
1543 1082 1560 1112 3

199 1131 549 1170 dissimulationem
565 1131 784 1181 praecipitis
800 1131 962 1169 consilia
981 1131 1133 1169 iuuenis
1153 1138 1191 1169 et
1211 1130 1307 1168 mira
1327 1131 1520 1169 celeritate

201 1200 385 1247 nullaque
401 1211 490 1235 cum
506 1197 795 1246 perturbatione
811 1205 876 1234 aut
892 1210 1018 1234 rerum
1033 1205 1100 1234 aut
1116 1196 1320 1234 hominum
1334 1210 1522 1246 oppresso

167 1274 182 1304 5
204 1262 355 1311 Lepido
386 1261 544 1299 inmane
577 1261 670 1299 noui
703 1275 749 1299 ac
783 1261 1028 1299 resurrecturi
1067 1261 1158 1299 belli
1192 1260 1315 1298 ciuilis
1349 1261 1522 1298 restinxit

203 1327 380 1374 initium,-
409 1335 446 1364 et
466 1326 529 1364 ille
555 1325 714 1375 quidem
742 1327 842 1363 male
872 1327 1139 1363 consultorum
1168 1338 1315 1374 poenas
1345 1325 1519 1363 exsoluit.

201 1401 389 1441 aequetur
408 1393 629 1442 praedictae
650 1393 725 1431 iarn
743 1393 934 1431 Antistiae
955 1392 1117 1431 Seruilia
1138 1392 1276 1441 Lepidi
1297 1406 1402 1439 uxor,
1422 1406 1522 1441 quae

203 1458 296 1496 uiuo
327 1457 405 1507 igni
432 1460 620 1496 deuorato
650 1466 893 1508 praematura
924 1466 1048 1496 morte
1075 1457 1319 1495 inmortalem
1352 1456 1521 1495 nominis

203 1522 261 1560 sui
282 1522 461 1572 pensauit
481 1523 719 1561 memoriam.

258 1588 401 1626 Caesar
428 1594 559 1625 autem
588 1601 763 1625 reuersus
793 1587 832 1624 in
864 1586 1015 1624 Italiam
1045 1594 1162 1635 atque
1193 1587 1329 1624 urbem
1360 1600 1523 1624 occursu
1544 1591 1599 1638 89

203 1665 284 1700 quo,
317 1665 396 1701 quo
443 1653 576 1690 fauore
623 1652 800 1690 omnium
848 1651 1064 1698 hominum,
1104 1651 1300 1698 aetatium,
1341 1651 1522 1690 ordinum

202 1726 385 1766 exceptus
424 1717 482 1764 sit,
518 1731 618 1766 quae
656 1717 944 1767 magnificentia
975 1717 1259 1766 triumphorum
1294 1717 1387 1763 eius,
1423 1730 1524 1766 quae

246 1831 263 1857 4
290 1824 361 1849 erat
378 1819 450 1849 add.
470 1819 613 1860 Madmg
742 1829 760 1858 5
780 1819 939 1850 Mecenas
956 1819 988 1849 A
1080 1821 1246 1858 equestris
1263 1825 1297 1850 et
1313 1820 1383 1850 ΑΡ
1504 1822 1524 1850 6

205 1896 258 1926 exi
283 1896 436 1933 exigeret
451 1896 484 1925 A
505 1895 570 1935 (sic)
694 1907 710 1935 7
735 1897 889 1926 exomnis
906 1896 957 1926 P:
981 1907 1023 1926 ex
1034 1881 1101 1925 ωςΑ
1194 1897 1342 1935 prudens
1357 1896 1391 1926 A
1504 1898 1524 1926 8

205 1950 293 1978 pene
304 1939 336 1968 A
432 1950 470 1969 10
485 1939 628 1978 Augusti
644 1939 678 1970 A
762 1950 871 1979 paene
888 1939 920 1969 A
939 1951 945 1970 z
970 1950 1057 1978 pene
1068 1939 1119 1970 P:
1137 1940 1205 1970 fine
1218 1939 1394 1970 Heinsius:
1411 1940 1524 1979 specie

204 1983 346 2021 Zumpt:
372 1982 613 2021 angusticlauio
632 1985 655 2020 t?
669 1984 715 2022 -a)
732 1984 831 2022 plene
849 1982 1058 2013 Salmasius:
1087 1994 1169 2013 uum
1186 1983 1350 2022 poenico‘3
1486 1994 1521 2014 11

206 2036 266 2055 nec
285 2026 413 2055 minora
428 2025 505 2063 ΑΡ,
523 2026 554 2057 lz.
573 2037 595 2057 e.
616 2033 649 2056 et
666 2037 732 2056 non
755 2026 903 2057 minora:
919 2026 1062 2064 fortasse
1083 2037 1145 2056 nec
1167 2027 1291 2056 maiora
1314 2037 1381 2056 non
1404 2037 1523 2057 conse-

204 2070 261 2108 qui
280 2069 398 2108 potuit,
420 2070 499 2098 sicut
509 2069 578 2108 sere
592 2070 795 2100 Rhenanus:
831 2080 893 2099 nec
913 2069 1022 2099 minus
1042 2070 1166 2100 maiora
1186 2070 1295 2100 Tittler
1307 2074 1335 2099 es
1353 2070 1524 2100 Gudcnmn

208 2123 245 2150 15
269 2117 381 2142 imane
397 2112 430 2142 A
518 2114 557 2143 16
580 2113 771 2143 incendium
789 2113 888 2142 Here!
973 2113 1117 2143 exsoluit
1132 2114 1165 2143 A
1184 2125 1190 2143 ε
1223 2113 1348 2143 exoluit
1365 2112 1398 2142 P
1487 2124 1524 2152 17

206 2157 298 2195 pred.
315 2155 348 2185 A
418 2155 585 2186 Antistiae
598 2156 685 2187 AP:
712 2157 925 2195 Calpurniam
942 2156 1014 2185 dz'cit
1027 2167 1157 2186 uxorem
1171 2157 1303 2195 Antisti,
1316 2157 1351 2194 cf.
1368 2157 1400 2187 ii.
1414 2158 1466 2187 26.
1482 2167 1501 2186 2
1520 2169 1528 2186 ·.

205 2199 342 2229 Antistii
372 2199 451 2228 Voss
473 2210 512 2228 sc.
537 2200 649 2230 uxori:
687 2200 811 2230 Antisti
839 2204 872 2230 et
896 2200 1078 2230 Rhenanus
1092 2203 1120 2229 el
1149 2200 1250 2230 Orelli
1368 2200 1405 2229 18
1430 2210 1526 2238 prae-

206 2248 368 2272 maturam
392 2247 530 2272 mortem
552 2242 629 2282 AF,
645 2243 702 2273 sed
720 2243 829 2272 Burer
848 2245 985 2282 ‘exemp
1007 2247 1171 2273 uetustum
1188 2244 1231 2273 sic
1251 2242 1342 2271 habet
1366 2246 1401 2272 ul
1416 2244 1528 2281 potius

205 2286 378 2326 lcgendum
400 2286 576 2315 existi-'ntem
602 2292 802 2326 praematura
829 2291 935 2316 morte
958 2286 1179 2316 immortalem
1201 2286 1343 2316 nominis
1368 2286 1417 2315 sui
1443 2296 1523 2325 pen-

206 2330 291 2359 sauit
308 2329 516 2359 memoriam'
536 2333 571 2358 ut
590 2339 657 2368 115.
677 2340 696 2368 5
818 2330 1038 2360 immortalem
1055 2331 1248 2360 memoriam
1266 2329 1298 2358 A
1314 2341 1319 2360 :
1346 2330 1525 2360 immortali

206 2373 365 2402 memoria
381 2372 414 2401 P
553 2383 594 2403 20
618 2383 757 2404 occursu
786 2383 851 2411 quo
879 2384 955 2413 ego:
988 2384 1147 2403 occursus
1171 2373 1260 2403 AF:
1296 2383 1362 2411 quo
1384 2383 1523 2403 occursu

206 2416 359 2455 Lipsius:
394 2415 520 2445 Kmlzio
550 2426 708 2447 occursus
736 2418 851 2446 fauore
876 2416 1046 2447 hominum
1079 2421 1122 2446 cst
1135 2417 1255 2456 fauore
1270 2416 1327 2456 qui
1351 2416 1530 2447 declaratur

207 2469 335 2489 occursu
354 2459 537 2489 hominum.
593 2459 668 2490 Vide
686 2460 812 2491 Comm.
833 2460 907 2490 Cris.

837 2554 890 2576 101
