1799 2864
94 948 132 969 10

688 243 857 279 LIBER
888 242 930 279 II

155 362 192 393 et
227 354 379 392 Luculli
412 361 450 392 et
482 352 633 391 Metelli
666 352 906 401 triumphum
940 365 1030 389 cum
1064 351 1237 400 ipsorum
1272 350 1473 400 singularis

155 420 286 467 uirtus,
309 428 391 457 tum
422 419 538 457 etiam
564 417 713 456 inuidia
740 417 904 466 Pompei
930 418 1036 466 apud
1062 416 1255 466 optimum
1276 429 1474 465 quemque

154 484 244 522 fecit
264 482 528 521 fauorabilem.
586 495 655 531 per
674 483 771 519 haec
797 489 974 530 tempora
996 482 1050 518 M.
1075 480 1226 527 Cicero,
1249 480 1316 530 qui
1342 480 1475 518 onmia
1493 496 1509 526 3

153 549 392 587 incrementa
415 561 485 586 sua
511 547 585 585 sibi
611 546 758 594 debuit,
780 546 839 584 uir
864 546 1049 584 nouitatis
1076 545 1342 584 nobilissimae
1368 553 1407 583 et
1433 553 1475 583 ut

152 613 232 651 uita
264 614 399 658 clarus,
432 612 485 649 ita
517 611 675 661 ingenio
708 610 910 657 maximus,
946 610 1013 660 qui
1050 610 1188 657 effecit,
1224 623 1274 647 ne
1308 623 1475 659 quorum

151 689 258 714 arma
290 675 519 722 uiceramus,
552 688 687 713 eorum
718 674 875 724 ingenio
909 674 1164 721 uinceremur‚
1198 675 1335 712 consul
1369 674 1476 724 Sergi

153 740 344 780 Catilinae
364 740 599 789 Lentulique
619 748 657 778 et
678 739 842 789 Cethegi
863 747 900 777 et
922 739 1087 777 aliorum
1108 739 1309 789 utriusque
1329 739 1476 777 ordinis

151 804 323 843 uirorum
349 804 660 843 coniurationem
685 803 867 853 singulari
891 803 1043 850 uirtute,
1072 803 1302 850 constantia,
1331 803 1473 852 uigilia,

151 883 320 919 curaque
357 869 517 918 aperuit.
595 868 764 908 Catilina
801 876 908 907 metu
946 868 1159 907 consularis
1198 868 1335 918 imperi
1379 869 1512 915 urbe4

149 936 283 984 pulsus
318 942 400 982 est3
442 935 631 972 Lentulus
665 933 878 972 consularis
909 941 947 971 et
979 942 1133 983 praetor
1164 933 1304 972 iterum
1337 934 1477 972 Cethe-

149 1013 300 1049 gusque
326 1007 364 1037 et
389 998 453 1036 alii
473 998 565 1036 clari
591 999 762 1037 nominis
789 998 861 1036 uiri
890 1006 1049 1037 auctore
1073 1006 1221 1046 senatu,
1246 998 1353 1037 iussu
1385 1012 1475 1037 con-

151 1065 242 1104 sulis
263 1065 302 1103 in
324 1078 476 1103 carcere
497 1065 625 1103 necati
645 1073 745 1103 sunt.

205 1131 277 1167 Ille
297 1138 454 1168 senatus
475 1129 569 1176 dies,
588 1143 667 1179 quo
688 1131 785 1167 haec
805 1136 891 1167 acta
911 1136 1012 1175 sunt,
1030 1128 1213 1166 uirtutem
1236 1130 1291 1166 M.
1312 1128 1474 1167 Catonis
1493 1139 1543 1176 35

150 1194 228 1232 iam
263 1194 394 1232 multis
432 1194 471 1231 in
510 1194 625 1232 rebus
663 1193 918 1243 conspicuam
956 1201 1074 1243 atque
1112 1192 1395 1242 praenitentem
1434 1193 1473 1231 in

151 1259 340 1297 altissimo
370 1258 541 1296 culmine
567 1259 722 1297 locauit.
781 1258 845 1297 hic
870 1258 1024 1308 genitus
1051 1271 1199 1307 proauo
1227 1259 1282 1296 M.
1307 1259 1471 1305 Catone,
1495 1279 1510 1300 2

151 1323 326 1372 principe
357 1323 423 1361 illo
456 1323 625 1361 familiae
655 1322 826 1369 Porciae,
858 1324 979 1361 homo
1006 1322 1149 1360 Virtuti
1183 1322 1402 1360 simillimus
1437 1331 1475 1360 et

150 1400 218 1436 per
244 1387 377 1425 onmia
402 1386 559 1436 ingenio
586 1387 660 1425 diis
681 1401 799 1437 quam
826 1386 1053 1425 hominibus
1079 1386 1247 1436 propior,
1270 1387 1337 1436 qui
1364 1401 1475 1425 num-

150 1465 268 1501 quam
294 1460 399 1491 recte
424 1451 525 1498 fecit,
548 1460 590 1490 ut
616 1453 742 1490 facere
769 1451 976 1498 uideretur,
1003 1453 1072 1490 sed
1092 1451 1185 1501 quia
1212 1451 1322 1489 aliter
1347 1454 1473 1490 facere

150 1529 229 1554 non
250 1524 440 1565 potuerat,
462 1515 605 1565 cuique
631 1515 672 1554 id
703 1517 830 1554 solum
857 1516 986 1554 uisum
1013 1523 1071 1554 est
1097 1516 1288 1554 rationem
1315 1518 1470 1564 habere,

91 1603 105 1623 ,›
149 1582 257 1630 quod
294 1581 455 1619 haberet
498 1580 677 1627 iustitiae,
718 1581 902 1619 omnibus
940 1580 1122 1619 humanis
1160 1581 1263 1619 uitiis
1301 1581 1474 1621 inmunis

148 1658 301 1694 semper
338 1646 533 1683 fortunam
572 1645 611 1682 in
650 1658 720 1683 sua
756 1653 949 1694 potestate
987 1645 1133 1683 habuit.
1193 1645 1257 1683 hic
1295 1646 1473 1685 tribunus
1492 1667 1508 1697 3

148 1711 197 1759 pl.
239 1709 463 1759 designatus
502 1717 539 1747 et
576 1710 707 1747 adhuc
744 1710 962 1748 admodum
1001 1710 1244 1756 adulescens,
1280 1723 1370 1748 cum
1409 1711 1473 1749 alii

148 1775 366 1821 suaderent,
389 1781 431 1812 ut
457 1787 525 1823 per
551 1773 765 1823 municipia
793 1775 983 1812 Lentulus
1010 1772 1280 1823 coniuratique
1304 1775 1471 1813 custodi-

191 1916 209 1935 2
234 1909 314 1944 aput
331 1915 362 1935 o.
378 1914 537 1943 quenque
552 1903 586 1933 A
690 1913 710 1943 5
733 1909 771 1935 uz
788 1914 830 1934 ne
846 1903 879 1933 A
899 1902 968 1943 (sic)
1081 1905 1102 1934 6
1125 1899 1224 1936 (ff.
1243 1905 1276 1934 A
1294 1917 1301 1935 ε
1326 1905 1424 1936 COS.
1445 1905 1478 1935 Ρ

150 1959 165 1987 7
191 1949 368 1986 utriusque
385 1947 437 1978 P:
461 1948 569 1977 utrius
585 1946 651 1976 BA
760 1958 781 1986 9
804 1948 936 1987 aperuit
956 1947 1123 1978 Gelenius:
1148 1949 1272 1987 eripuit
1288 1948 1363 1985 ΑΡ,
1386 1950 1472 1979 eruit

147 1992 290 2032 Lipsius,
320 1993 375 2020 ‘ut
396 1995 441 2020 est
463 1991 497 2020 in
520 1991 611 2020 Liuii
630 1990 701 2022 Per.
731 2001 810 2021 102:
844 2001 883 2021 ea
905 1991 1093 2021 coniuratio
1118 1992 1283 2022 industria
1309 1992 1354 2022 M.
1374 1993 1472 2022 Tullii

147 2035 322 2065 Ciceronis
339 2039 434 2064 eruta
456 2035 526 2064 est'
543 2034 651 2064 Halm
740 2035 925 2064 consularis
947 2034 1012 2063 BA
1030 2046 1037 2064 :
1062 2045 1126 2066 om.
1146 2034 1179 2064 P
1265 2036 1396 2074 imperii
1413 2036 1446 2065 A
1464 2048 1472 2066 ε

148 2079 264 2117 imperi
288 2077 352 2107 PB
507 2088 542 2107 11
569 2077 695 2108 cosulis
718 2077 750 2106 A
912 2087 949 2115 14
973 2078 1182 2116 penitentem
1214 2080 1409 2117 (praeenit.)
1435 2079 1469 2108 A

150 2131 186 2160 15
212 2121 357 2152 culmine
382 2120 576 2160 =‘s1'cHaase)
599 2121 723 2151 locauit
740 2120 902 2160 stladmg:
938 2121 1114 2151 luminauit
1138 2121 1228 2152 AP:
1256 2123 1379 2152 lumine
1404 2123 1471 2152 col-

146 2165 270 2195 locauit
301 2164 480 2193 Bzmnann
684 2165 722 2193 16
745 2165 846 2194 homo
873 2163 921 2195 P:
961 2175 1027 2194 non
1052 2164 1122 2194 AB
1238 2166 1412 2195 similimus
1435 2165 1468 2194 A

147 2213 180 2238 et
204 2208 255 2238 P:
291 2208 351 2238 sed
375 2207 446 2236 AB
492 2207 691 2247 lVegaliuam
718 2211 794 2247 post
819 2208 1046 2248 Kreyssigiztm
1077 2212 1105 2237 el
1132 2208 1318 2239 Mat-{luunt
1348 2213 1472 2238 tutatus

146 2255 191 2282 est
212 2251 356 2281 leomas
379 2250 539 2289 cmtferens
559 2261 608 2281 22.
629 2261 660 2289 2,
682 2252 750 2282 126.
774 2261 787 2280 1
805 2262 812 2281 :
838 2251 896 2280 sed
917 2255 989 2281 mele
1008 2256 1210 2291 pempexerat
1232 2252 1340 2282 Βιινεν
1360 2253 1404 2282 ho
1427 2259 1471 2282 no

145 2295 278 2333 confusa
297 2304 382 2324 esse:
405 2294 465 2323 sed
484 2293 563 2333 (set)
582 2294 770 2334 praecedens
787 2295 889 2323 littera
904 2304 920 2323 s
931 2295 1157 2334 progenerum}
1277 2306 1315 2334 19
1340 2301 1472 2334 poterat

149 2337 296 2367 Gelenius
477 2347 519 2367 20
543 2338 687 2368 iustitiae
714 2337 792 2373 AF,
825 2348 865 2368 sc.
899 2338 1085 2368 rationem:
1132 2338 1291 2368 iustitiam
1325 2339 1473 2369 Gelenius

144 2381 267 2411 imunis
294 2380 326 2409 A
345 2392 351 2410 :
398 2380 485 2411 imm.
514 2380 547 2409 Ρ
686 2391 724 2411 21
750 2381 822 2412 TR.
841 2381 908 2413 PL.
925 2381 1016 2412 AB:
1040 2382 1130 2413 Trib.
1150 2382 1239 2412 Pleb.
1257 2381 1291 2411 P
1430 2393 1471 2413 22

146 2430 180 2455 et
202 2423 301 2455 Voss:
327 2428 377 2454 est
395 2423 471 2464 BA,
492 2434 555 2455 om.
573 2423 607 2453 P

796 2569 836 2602 53
