1799 2864
186 444 205 471 4

611 249 814 287 VELLEI
847 247 1163 286 PATERCVLI

226 361 404 400 terribilis
436 361 570 399 Italiae
599 374 758 410 quoque
788 359 984 397 uideretur
1010 358 1224 404 imminere,
1257 364 1358 395 sorte
1388 355 1550 394 obuenit

227 428 356 464 Sullae
377 426 469 463 Asia
490 425 700 475 prouincia.
762 422 825 476 [is]
848 436 1022 473 egressus
1049 423 1145 460 urbe
1171 436 1261 460 cum
1283 421 1384 459 circa
1405 422 1548 458 Nolam

227 499 440 529 moraretur
479 490 640 541 (quippe
675 503 720 527 ea
753 489 844 526 urbs
879 487 1186 537 pertinacissime
1219 500 1326 524 arma
1359 485 1549 523 retinebat

226 556 474 605 exercituque
497 557 680 593 Romano
701 552 966 597 obsidebatur,
984 553 1091 589 uelut
1111 551 1325 600 paeniteret
1346 550 1428 588 eius
1445 548 1547 594 fidei,

225 634 344 670 quam
375 620 551 658 omnium
582 617 866 656 sanctissimam
898 617 1002 654 bello
1032 615 1272 665 praestiterat
1302 614 1482 663 Punico),
1507 616 1546 651 P.

187 705 203 734 ,ι
225 685 418 734 Sulpicius
445 684 623 721 tribunus
648 684 711 731 pl.,
734 681 912 726 disertus,
934 693 1033 726 acer,
1060 679 1201 728 opibus
1228 679 1347 728 gratia
1370 678 1549 716 amicitiis

185 952 204 982 6

151 1470 198 1506 19

225 749 356 799 uigore
380 748 514 798 ‘ingeni
543 756 660 797 atque
689 745 809 784 animi
840 744 1126 790 celeberrimus,
1159 757 1249 781 cum
1279 751 1394 781 antea
1423 743 1550 781 rectis-

224 814 322 852 sima
352 815 553 851 uoluntate
584 813 690 861 apud
721 811 911 860 populum
945 808 1153 846 maximam
1184 808 1398 858 quaesisset
1428 808 1549 857 digni-

224 886 354 924 tatem,
378 877 487 927 quasi
508 877 654 926 pigeret
675 889 765 913 eum
787 874 973 912 uirtutum
996 887 1151 911 suarum
1180 880 1217 910 et
1242 873 1343 910 bene
1370 873 1548 910 consulta

223 943 257 981 ei
285 944 386 980 male
412 943 607 987 cederent,
630 940 760 979 subito
787 952 929 988 prauus
956 946 994 976 et
1020 951 1206 987 praeceps
1234 938 1276 976 C.
1306 937 1433 974 Mario
1461 944 1549 985 post

224 1019 307 1044 Lxx
338 1020 486 1044 annum
521 1005 654 1043 omnia
685 1003 848 1053 imperia
877 1010 914 1040 et
948 1002 1076 1040 omnis
1110 1001 1332 1051 prouincias
1367 1001 1550 1050 concupi-

223 1071 343 1109 scenti
379 1070 527 1109 addixit
564 1084 600 1108 se
631 1071 839 1119 legemque
872 1068 923 1105 ad
956 1068 1147 1116 populum
1182 1067 1278 1113 tulit,
1311 1080 1388 1116 qua
1419 1067 1548 1104 Sullae

223 1135 429 1185 imperium
450 1136 709 1184 abrogaretur,
729 1134 772 1172 C.
791 1131 919 1170 Mario
940 1132 1087 1169 bellum
1109 1132 1382 1169 decerneretur
1399 1130 1550 1168 Mithri-

223 1200 408 1246 daticum,
448 1199 621 1248 aliasque
664 1200 768 1248 leges
806 1197 1044 1247 perniciosas
1083 1204 1121 1233 et
1159 1195 1373 1233 exitiabiles
1419 1209 1547 1244 neque

222 1266 443 1303 tolerandas
482 1264 626 1302 liberae
664 1262 812 1301 ciuitati
851 1261 947 1300 tulit.
1007 1260 1102 1310 quin
1142 1259 1258 1297 etiam
1299 1261 1346 1308 Q.
1383 1259 1547 1308 Pompei
1593 1274 1608 1303 5

222 1329 393 1367 consulis
424 1329 546 1367 filium
577 1329 828 1377 eundemque
859 1328 988 1365 Sullae
1014 1338 1201 1375 generum
1231 1338 1299 1374 per
1328 1324 1548 1362 emissarios

221 1394 400 1432 factionis
422 1407 514 1431 suae
534 1392 736 1431 interfecit.

274 1461 378 1497 Tum
409 1460 515 1496 Sulla
548 1466 749 1496 contracto
781 1455 950 1494 exercitu
984 1456 1035 1493 ad
1066 1454 1202 1492 urbem
1235 1453 1347 1491 rediit
1382 1467 1548 1502 eamque

220 1523 336 1561 armis
381 1522 601 1572 occupauit,
648 1534 707 1559 XII
749 1528 928 1558 auctores
972 1532 1164 1557 nouarum
1212 1518 1547 1568 pessimarumque

221 1601 359 1634 rerum,
393 1587 492 1625 inter
520 1600 620 1636 quos
652 1586 821 1624 Marium
857 1598 947 1622 cum
978 1584 1059 1622 filio
1091 1591 1129 1621 et
1162 1585 1201 1621 P.
1235 1582 1419 1632 Sulpicio,
1451 1583 1547 1621 urbe

221 1652 439 1690 exturbauit
477 1666 522 1690 ac
561 1653 645 1700 lege
683 1652 760 1688 lata
798 1651 928 1688 exules
967 1649 1067 1687 fecit.
1139 1647 1352 1696 Sulpicium
1395 1646 1545 1699 [etiam]

219 1717 395 1755 adsecuti
417 1716 567 1766 equites
588 1716 627 1753 in
650 1714 895 1753 Laurentinis
923 1713 1132 1763 paludibus
1159 1712 1394 1761 iugulauere,
1417 1720 1547 1761 caput—

219 1795 296 1831 que
335 1781 417 1819 eius
456 1789 627 1819 erectum
667 1788 703 1818 et
738 1787 975 1817 ostentatum
1011 1791 1080 1827 pro
1114 1776 1244 1815 rostris
1283 1778 1390 1814 uelut
1429 1790 1545 1815 omen

183 1862 196 1882 2
220 1846 460 1884 imminentis
487 1844 779 1895 proscriptionis
807 1843 888 1881 fuit.
950 1842 1097 1880 Marius
1124 1849 1212 1891 post
1237 1848 1387 1878 sextum
1409 1854 1547 1879 consu-

220 1911 340 1948 latum
375 1923 580 1959 annosque
615 1921 698 1946 Lxx
733 1909 862 1946 nudus
896 1921 941 1945 ac
975 1907 1069 1944 limo
1104 1906 1276 1951 obrutus,
1309 1905 1432 1943 oculis
1466 1913 1546 1943 tan·
1588 1925 1603 1955 5

220 1976 428 2013 tummodo
471 1988 516 2012 ac
560 1974 717 2012 naribus
761 1972 1037 2018 eminentibus,
1077 1979 1269 2009 extractus
1311 1970 1546 2009 arundineto

267 2087 279 2106 1
305 2077 467 2108 imin.A:
493 2077 580 2107 imm.
598 2076 630 2105 P
731 2086 750 2105 2
774 2074 988 2114 prouintiaA
1083 2072 1178 2104 IsP:
1202 2073 1314 2104 om.A
1415 2084 1432 2111 4
1459 2074 1546 2112 peni-

220 2126 307 2151 teret
338 2121 396 2151 A:
435 2131 533 2160 poen.
565 2119 598 2149 P
739 2130 756 2158 7
783 2119 906 2156 ingenii
938 2117 1009 2146 ΑΡ
1146 2118 1166 2146 8
1189 2122 1269 2155 aput
1301 2116 1356 2148 A:
1397 2112 1493 2156 apud
1518 2117 1550 2146 P

222 2175 413 2194 maxumam
430 2164 462 2193 A
614 2173 651 2193 12
672 2173 712 2193 se
725 2166 800 2202 post
815 2162 1002 2191 Putemmm
1020 2161 1177 2191 Heinsius
1191 2164 1219 2190 et
1235 2160 1368 2198 Bentley
1378 2164 1454 2200 post
1469 2170 1545 2190 con-

221 2208 419 2246 cupiscenti,
447 2207 554 2237 Halm
578 2210 653 2247 post
678 2216 853 2245 praeceps,
875 2216 932 2245 ego
956 2208 1030 2244 post
1056 2203 1183 2234 addixit
1212 2203 1421 2233 addstlimus:
1453 2204 1547 2234 dedi-t

222 2252 351 2281 addixit
382 2251 414 2280 A
451 2252 539 2284 (sic-l:
579 2250 675 2280 Kritz
703 2250 778 2288 imp.
811 2254 844 2278 et
871 2260 900 2279 o.
931 2247 1121 2288 prouincias
1150 2251 1323 2285 tamqnam
1352 2248 1548 2277 accusatsnos

224 2295 342 2324 reltul1t
368 2295 413 2323 ad
438 2295 565 2325 addixit
698 2293 812 2332 Syllae
842 2292 1009 2331 inperium
1036 2291 1080 2329 A,
1113 2291 1338 2330 qm'formftm
1367 2290 1459 2320 Sulla
1482 2301 1546 2320 non

223 2338 315 2368 habet
338 2349 398 2368 msz
425 2349 473 2378 19.
494 2349 523 2378 2,
549 2347 648 2375 24.1
675 2337 725 2367 28
746 2348 775 2374 2,
795 2346 846 2374 41.
864 2347 883 2366 2
1039 2344 1075 2372 15
1101 2334 1233 2372 etiamq.
1261 2333 1400 2372 Pompei
1424 2334 1483 2364 A
1476 2346 1483 2352 ·
1516 2345 1545 2364 e.

224 2382 264 2420 Q.
286 2382 435 2420 Pompeii
455 2381 488 2411 P
573 2392 615 2411 20
639 2380 791 2419 Sulpitio
813 2390 846 2410 21
868 2379 1048 2418 Sulpitium
1065 2377 1135 2406 ΑΡ
1224 2388 1261 2407 21
1288 2388 1330 2407 ex
1348 2377 1494 2407 turbauit
1511 2377 1543 2406 A

224 2426 324 2455 etiam
352 2437 366 2454 e
393 2426 610 2465 gemmatt'one
637 2424 692 2454 l1‘.tt
721 2424 827 2454 -itium
857 2427 964 2452 orium
986 2421 1148 2462 putabant
1174 2421 1276 2451 OmHz
1295 2425 1324 2450 et
1316 2410 1547 2450 Comelissen

224 2479 265 2507 23
281 2479 379 2498 omen
392 2469 444 2497 4
443 2468 496 2498 ed
507 2479 596 2498 eraso
607 2467 850 2507 quodmmclezr
823 2468 1048 2506 ginonpolesl
1117 2475 1157 2502 24
1177 2465 1253 2494 inm.
1270 2464 1302 2493 A
1387 2473 1426 2502 25
1444 2474 1546 2494 anno-

221 2522 287 2551 que
306 2522 381 2543 lxx
399 2511 487 2543 AP:
512 2522 686 2550 annosque
706 2521 772 2541 Lxx
793 2510 950 2540 Vrsinus:
974 2519 1167 2547 annumque
1186 2518 1252 2538 Lxx
1273 2507 1351 2538 Voss

863 2574 902 2613 36

1572 949 1616 973 101

1571 1598 1609 1618 20
