1799 2864
601 198 1058 239 COMMENTARIVS
1089 202 1350 241 CRITICVS

316 308 408 343 inter
426 321 465 344 se
491 311 688 354 permutari
707 323 728 344 a
746 311 910 355 librariis,
929 312 1031 347 cuius
1050 312 1099 347 rei
1118 313 1284 357 exempla
1305 319 1390 347 sunt
1407 312 1500 346 Vell.
1523 321 1598 354 127.
1621 321 1634 347 1

316 371 359 400 ut
374 367 486 400 diuus
501 368 702 413 Augustus
714 369 771 403 M.
787 369 964 414 Agrippa
979 374 1014 404 et
1022 372 1196 415 proxime
1213 371 1256 404 ab
1273 382 1311 404 eo
1329 371 1483 404 Statilio
1502 372 1638 412 Tauro,

314 424 375 458 ubi
392 425 467 458 ΑΡ
483 426 620 460 habent
638 428 817 460 maxime:
851 427 934 461 uide
955 428 1300 462 Drakenborchium
1319 428 1367 462 ad
1389 428 1463 462 Liu.
1483 427 1562 462 xxii.
1582 437 1639 470 22,

316 491 346 523 7,
372 482 624 517 Burmannum
651 483 699 517 ad
716 484 808 518 Vell.
836 484 870 518 ii.
898 485 952 528 36,
986 486 1068 519 Luc.
1092 498 1123 519 x.
1149 486 1240 527 408:
1273 493 1444 530 extatque
1472 485 1638 520 eiusdem

313 539 363 573 rei
396 540 588 585 uestigium
619 541 654 575 in
685 543 720 576 A
758 551 832 584 114.
864 551 893 586 5,
924 542 984 576 ubi
1016 543 1285 577 Amerbachius
1315 545 1380 577 uir
1407 544 1568 576 nomim's
1597 554 1642 577 ac

299 598 460 642 fortune
484 610 609 632 eorum
629 606 738 636 mar
749 602 947 644 proximus
972 600 1127 644 scripsit,
1154 601 1188 634 h.
1201 612 1230 634 e.
1251 601 1348 645 quod
1374 599 1472 645 prius
1499 601 1638 644 legerat

313 656 510 697 maximus,
544 668 610 700 pro
652 669 696 691 eo
723 664 806 701 post
839 657 925 701 legit
951 659 1162 701 proximus.
1228 658 1302 693 Sed
1336 670 1410 691 non
1444 665 1519 692 tam
1549 657 1639 692 artis

312 713 598 758 palaeographia
615 714 754 759 legibus
777 715 992 757 continetur,
1012 722 1050 749 ut
1069 727 1141 749 non
1163 715 1274 749 etiam
1298 716 1395 749 aliud
1420 716 1577 760 potuerit
1602 715 1638 749 in

303 772 482 814 proxima
500 772 631 806 mutari
648 784 654 806 :
682 784 749 806 nec
767 773 873 816 longe
891 773 993 806 abest
1011 773 1059 806 ab
1077 784 1119 807 eo
1130 774 1312 817 plurima.

358 839 410 862 111
427 839 449 871 4
467 837 604 874 quanto
623 841 706 863 cum
725 837 1015 874 temperamento
1039 829 1145 864 simul
1167 830 1328 865 utilitatis
1343 842 1403 865 res
1421 832 1637 866 auctoritate

313 885 548 930 imperatoria
566 887 623 930 agi
642 886 813 921 uidimus.
831 887 917 922 ΑΡ,

360 944 397 978 Si
430 944 688 978 emendatione
716 952 838 988 egeret
874 945 1026 979 uerbum
1062 946 1251 988 utilitatis,
1282 957 1356 979 non
1388 946 1639 990 simplicitatis

311 1003 410 1046 quod
430 1002 589 1043 Eldikio,
609 1013 677 1036 nec
699 1003 866 1035 lenitatis
886 1003 985 1047 quod
1012 1003 1174 1044 Halmio,
1194 1014 1313 1047 neque
1335 1014 1420 1037 uero
1444 1004 1640 1037 ciuilitatis

311 1061 409 1104 quod
429 1066 509 1104 post
529 1059 792 1093 Ruhnkenium
817 1060 952 1104 placuit
974 1059 1160 1103 Maduico,
1181 1061 1245 1094 sed
1269 1060 1495 1094 humilitatis
1518 1061 1638 1105 potius

310 1117 597 1161 palaeographia
615 1118 707 1151 duce
726 1117 958 1162 praeferrem.
1010 1117 1070 1152 Sic
1089 1117 1186 1152 enim
1201 1118 1237 1152 in
1254 1119 1338 1153 Sen.
1352 1119 1396 1153 de
1413 1120 1472 1152 Ira
1487 1118 1534 1152 iii.
1554 1128 1605 1152 12.
1619 1129 1638 1153 2

311 1180 353 1208 ut
359 1176 467 1220 ferre
483 1186 526 1209 ac
534 1176 625 1219 pati
639 1180 707 1208 aut
723 1175 929 1209 humanum
953 1177 1002 1210 sit
1019 1180 1086 1209 aut
1103 1176 1252 1216 humile,
1271 1188 1315 1210 ex
1339 1176 1452 1220 ipsius
1474 1176 1637 1210 Maduici

311 1232 519 1267 coniectura
546 1233 711 1267 Gertzius
737 1232 849 1267 edidit
877 1234 978 1276 utile,
1005 1233 1215 1277 postulante
1241 1232 1292 1267 sic
1321 1233 1510 1268 sententia.
1563 1234 1639 1269 Sed

310 1303 382 1325 non
402 1290 497 1324 circa
514 1291 584 1325 hoe
609 1291 761 1324 uerbum
786 1292 927 1325 laborat
952 1290 1131 1335 scriptura
1152 1302 1263 1336 quam
1288 1291 1363 1325 ΑΡ
1380 1291 1575 1334 exhibent3
1604 1290 1638 1325 in

309 1350 426 1382 simul
452 1348 572 1393 potius
604 1349 750 1382 haereo.
802 1349 844 1382 Id
871 1348 1119 1393 Xvopkensius
1148 1349 1198 1383 sic
1229 1348 1486 1393 interpretatus
1515 1356 1569 1384 est
1600 1356 1639 1383 ut

310 1406 445 1440 diceret
471 1407 515 1439 V.
549 1405 801 1440 auctoritatem
836 1405 1064 1450 imperatoris
1091 1417 1174 1440 cum
1207 1413 1499 1451 temperamento
1532 1406 1639 1440 simul

310 1463 472 1499 utilitatis
490 1463 600 1498 fuisse
619 1463 862 1505 coniunctam,
882 1476 956 1498 non
981 1465 1095 1498 multo
1117 1476 1222 1498 secus
1247 1476 1290 1498 ac
1309 1464 1459 1498 Tacitus
1478 1466 1574 1498 Ann.
1592 1465 1638 1499 xi.

310 1534 340 1564 4.
355 1533 386 1565 4,
403 1534 512 1567 quem
530 1523 651 1555 locum
670 1529 799 1566 postea
820 1521 974 1556 Kritzius
1000 1521 1130 1564 attulit,
1155 1521 1364 1566 Scipionem
1379 1521 1465 1556 dixit
1491 1528 1636 1557 senten-

311 1580 397 1614 tiam
411 1581 456 1614 de
467 1581 640 1624 Poppaea
651 1587 819 1623 rogatum
832 1579 1066 1624 respondisse
1077 1581 1238 1625 eleganti
1246 1583 1529 1625 temperamento
1541 1581 1642 1614 inter

309 1638 538 1683 coniugalem
564 1649 724 1671 amorem
750 1642 785 1671 et
808 1639 1034 1671 senatoriam
1059 1639 1316 1672 necessitatem.
1368 1639 1487 1672 Erunt
1505 1637 1638 1682 quibus

310 1697 379 1730 hoc
410 1697 575 1740 placeat:
617 1707 684 1739 ego
711 1695 746 1729 in
775 1695 907 1740 scripto
941 1702 1015 1729 tam
1046 1703 1214 1740 corrupte
1243 1695 1390 1738 tradito,
1418 1695 1480 1729 ubi
1506 1694 1638 1729 totiens

308 1753 450 1787 litterae
469 1752 679 1796 exciderint,
695 1752 827 1787 totiens
846 1752 1015 1797 perierint
1034 1754 1228 1795 clausulae,
1243 1754 1361 1787 simul
1374 1752 1543 1798 reliquias
1557 1765 1638 1788 esse

310 1812 420 1846 credo
438 1810 609 1855 plenioris
628 1810 795 1845 uocabuli
812 1812 1010 1844 simulatae
1028 1823 1034 1845 :
1056 1810 1243 1845 Tiberium
1257 1810 1364 1854 enim,
1380 1810 1638 1845 auctoritatem

311 1881 420 1913 quam
465 1868 660 1913 imperator
685 1869 836 1902 haberet
871 1867 1068 1913 aliquando
1095 1869 1331 1903 confirmasse
1358 1869 1637 1913 praetendendo

310 1926 514 1960 nociturum
533 1925 702 1960 exercitui
720 1925 787 1960 nisi
806 1927 903 1970 quod
922 1925 981 1970 agi
1005 1927 1215 1970 postularet,
1240 1933 1487 1961 maturassent
1509 1927 1638 1961 facere.

313 1985 356 2018 Id
383 1983 467 2029 quia
493 1995 771 2028 nonnumquam
798 1983 991 2018 instantius
1016 1984 1171 2018 faciebat
1205 1996 1317 2029 quam
1348 1996 1413 2029 pro
1443 1984 1638 2019 occasione

309 2043 488 2076 simulare
514 2042 713 2075 utilitatem
740 2040 868 2075 merito
895 2040 965 2075 dici
991 2041 1117 2086 potuit.

359 2101 470 2142 Nam,
490 2100 588 2144 quod
612 2100 746 2133 Novak
768 2098 904 2144 optime
930 2098 1114 2143 praecepit
1138 2099 1172 2132 in
1197 2099 1318 2134 libello
1344 2111 1421 2142 suo,
1440 2111 1587 2145 semper
1605 2099 1639 2134 in

312 2157 504 2191 Paterculo
516 2157 689 2191 habenda
700 2164 753 2190 est
768 2156 859 2191 ratio
872 2168 966 2201 quae
981 2156 1181 2191 locutiones
1195 2157 1278 2191 huic
1292 2157 1328 2191 in
1342 2157 1479 2192 deliciis
1493 2157 1637 2199 fuerint,

311 2214 397 2260 quid
416 2214 473 2248 cui
491 2215 546 2248 uel
566 2226 630 2259 per
653 2213 850 2248 antithesin
878 2214 1098 2259 opposuerit,
1118 2215 1174 2249 uel
1194 2222 1344 2259 propter
1361 2215 1638 2250 similitudinem

311 2272 471 2306 sociarit:
492 2271 584 2306 inter
598 2283 692 2317 quae
707 2271 850 2306 uidetur
864 2283 944 2306 esse
957 2273 1110 2306 uerbum
1124 2273 1192 2306 hoc
1207 2273 1397 2315 utilitatis,
1412 2273 1511 2318 quod
1527 2273 1636 2307 modo

310 2329 526 2370 auctoritati,
554 2330 664 2364 modo
682 2329 733 2364 rei
757 2329 946 2374 speciosae
971 2329 1179 2375 opponitur.
1233 2340 1308 2364 112.
1327 2341 1346 2374 3
1367 2331 1420 2364 ad
1439 2331 1637 2365 arbitrium

311 2388 582 2432 utilitatemque
615 2391 780 2421 nostram
814 2391 1022 2421 macerata:
1076 2396 1149 2430 127.
1186 2397 1205 2421 2
1239 2390 1390 2422 interest
1418 2389 1506 2433 reip.
1540 2389 1641 2433 quod

311 2457 380 2479 usu
414 2447 658 2479 necessarium
691 2446 874 2490 dignitate
906 2446 1072 2485 eminere,
1114 2446 1385 2491 utilitatemque
1417 2448 1638 2480 auctoritate

945 2512 1004 2553 178
