1799 2864
470 210 529 247 IN
561 210 851 247 VELLEIVM
884 210 1264 249 PATERCVLVM

207 318 289 354 naui
319 326 356 354 ut
386 320 615 354 Paterculum
646 318 862 364 scripturum
893 318 1003 354 fuisse
1038 328 1137 354 ratus
1173 332 1274 364 sum3
1315 320 1380 354 sed
1405 319 1527 354 nescio

205 389 252 411 an
280 389 352 412 non
386 377 492 412 altius
527 378 655 411 uulnus
690 375 871 419 insederit,
906 377 1211 422 scribendumque
1246 378 1289 413 sit
1317 379 1374 412 At
1405 383 1526 412 lamen

205 436 303 470 hunc
329 437 411 479 (uel,
430 440 472 470 at
485 436 583 470 hunc
599 437 735 478 tamen)
756 446 844 469 mox
865 436 1096 470 auunculum
1121 438 1244 470 Titius
1267 438 1440 470 imitatus
1463 440 1524 470 est.

208 495 306 528 Nam
336 493 478 528 uidetur
519 493 701 538 quaedam
734 493 915 537 oppositio
958 505 1037 527 esse
1068 494 1319 537 clausularum,
1354 493 1527 538 quoniam

207 553 362 586 Plancus
381 563 424 586 ea
441 551 523 586 fecit
542 563 635 596 quae
661 550 876 586 imitatorem
901 558 1049 596 possent
1067 563 1140 585 non
1171 551 1362 586 inuentura
1389 551 1503 585 uideri
1521 564 1528 586 :

204 610 296 644 haec
313 617 436 644 autem
454 608 634 653 oppositio
653 621 735 643 cum
754 621 827 643 non
845 608 932 644 satis
951 621 1015 654 per
1038 609 1254 654 particulam
1273 615 1395 643 aulem
1415 609 1526 643 mani-

204 668 297 702 festa
327 667 400 709 fiat,
419 673 542 700 autem
554 678 597 700 ex
611 671 732 700 tczmen
745 666 796 701 sic
810 674 1018 712 corruptum
1034 674 1133 712 puto,
1147 674 1185 701 ut
1197 668 1295 711 apud
1311 666 1527 700 Ciceronem

208 724 337 768 (Legg.
351 724 382 758 ii.
402 734 452 759 10.
469 724 526 768 25)
541 725 641 768 qnod
653 729 774 759 aulem
795 724 830 759 in
846 725 970 759 codice
984 726 1018 759 A
1036 729 1241 769 quotamen,
1261 725 1296 758 in
1312 726 1346 758 B
1360 723 1526 768 quoddam}

204 782 339 816 factum
366 789 431 817 est.
483 784 581 816 Nam
606 783 653 816 ad
680 782 885 817 huiusmodi
913 782 1111 818 antithesin
1138 788 1179 816 at
1200 787 1323 816 lamen
1355 781 1527 817 inseruire

205 840 314 874 credo
342 839 397 874 his
426 839 511 873 locis
543 840 638 874 And.
659 839 702 874 iv.
738 850 766 875 1.
798 851 837 884 13
868 841 925 875 At
949 845 1071 874 tamen
1100 841 1186 874 ‘ubi
1204 841 1323 885 fides’
1349 842 1385 874 si
1412 851 1527 885 rages,

205 899 306 931 nillil
318 898 463 942 pudent
486 897 568 932 ln‘c:
599 897 659 932 ubi
683 898 965 942 Vmpfenbachii
991 898 1134 932 codices
1162 898 1196 932 in
1222 903 1262 932 at
1286 902 1409 932 lamen
1440 910 1527 932 con-

206 954 355 1000 spirant,
374 954 443 989 nisi
469 955 567 1000 quod
594 955 628 988 in
657 967 729 989 uno
756 956 809 989 ad
831 960 954 989 lamen
985 955 1084 1000 prius
1110 955 1284 1000 scriptum
1310 963 1391 990 est:
1422 957 1528 990 Caes.

207 1015 249 1048 B.
269 1015 308 1047 C.
328 1013 372 1046 iii.
392 1022 448 1056 37.
467 1023 485 1046 2
506 1014 583 1047 Sed
599 1025 681 1047 cum
705 1016 795 1047 esset
818 1014 920 1047 inter
943 1013 1029 1047 hina
1059 1018 1182 1047 caslra
1206 1016 1358 1058 campus
1385 1015 1532 1047 circiler

206 1072 352 1105 milium
365 1074 546 1115 passuum
561 1082 633 1113 sex,
648 1071 838 1104 Domitius
856 1073 987 1104 castris
1000 1072 1185 1115 Scipionis
1199 1073 1310 1105 aciem
1325 1083 1431 1105 suam
1445 1071 1528 1105 sub-

205 1130 313 1163 iecit:
345 1129 408 1163 ille
432 1141 455 1163 a
481 1129 583 1162 uallo
612 1140 685 1162 που
715 1129 892 1162 (incedere
911 1131 1179 1173 perseuerauit.
1209 1133 1250 1163 at
1273 1134 1395 1163 tamen
1423 1141 1530 1174 aegre

206 1188 356 1221 retentis
367 1187 595 1220 Domilizmis
606 1186 785 1219 militibus
802 1187 1008 1230 estfactum
1027 1197 1071 1219 ne
1080 1187 1225 1230 proelio
1242 1187 1528 1220 conlenderelnr.

255 1244 445 1290 [Maduico
460 1244 656 1278 obsecutus
669 1255 711 1277 ac
723 1248 843 1277 [aulen
863 1243 898 1277 in
916 1250 1094 1288 apparatu
1110 1243 1231 1278 critico
1245 1243 1398 1288 praetuli
1415 1257 1421 1278 :
1441 1252 1529 1278 nota

206 1310 289 1337 sunt
316 1314 409 1347 quae
434 1301 491 1336 ille
512 1302 557 1336 de
572 1313 614 1336 ac
629 1306 751 1335 famen
769 1301 953 1346 praecepit
973 1302 1017 1336 de
1038 1301 1116 1336 Fin.
1137 1301 1167 1336 ii.
1188 1311 1241 1344 27.
1262 1303 1327 1345 853
1348 1314 1380 1336 V.
1399 1312 1454 1345 32.
1473 1311 1531 1345 94.

209 1361 280 1396 Sed
300 1362 465 1395 nondum
484 1361 531 1394 acl
548 1361 655 1394 finem
671 1372 715 1394 ea
729 1359 895 1405 quaestio
913 1359 1056 1394 uidetur
1073 1361 1259 1404 perducta,
1274 1372 1342 1394 nec
1360 1359 1528 1405 cuiquam

207 1418 357 1453 dubium
374 1418 438 1452 erit
457 1418 493 1452 in
508 1417 669 1452 Andriae
689 1426 785 1452 certe
804 1418 883 1451 loco
901 1418 954 1451 ad
966 1419 1022 1452 uel
1041 1422 1082 1452 at
1098 1423 1231 1461 lamen,
1251 1430 1324 1452 non
1339 1430 1382 1453 ac
1394 1422 1530 1459 lamen,

208 1476 418 1511 Terentium
436 1474 650 1521 scripsisse]

255 1536 301 1578 87
320 1544 339 1568 2
365 1533 500 1578 fuitque
527 1541 562 1567 et
590 1534 736 1567 fortuna
768 1540 803 1568 et
834 1533 1029 1567 clementia
1057 1533 1226 1568 Caesaris
1255 1533 1405 1578 dignum
1431 1534 1530 1578 quod

207 1604 316 1626 nemo
335 1604 378 1626 ex
396 1591 451 1625 his
478 1591 537 1636 qui
556 1599 681 1626 contra
710 1603 795 1626 eum
822 1603 925 1625 arma
951 1591 1108 1626 tulerant
1134 1592 1181 1626 ab
1207 1603 1250 1626 eo
1269 1590 1428 1626 iussusue
1453 1591 1529 1626 eius

209 1649 447 1694 interemptus
483 1650 529 1683 D.
560 1651 712 1683 Brutum
747 1648 897 1683 Antonii
932 1648 1111 1683 interemit
1147 1649 1342 1683 crudelitas
1378 1651 1528 1684 Sextum

210 1706 423 1751 Pompeium
455 1707 534 1743 ’tab
564 1706 695 1741 eodem
725 1706 861 1740 uictum
893 1706 989 1740 idem
1019 1706 1198 1740 Antonius
1230 1718 1312 1741 cum
1344 1707 1529 1751 dignitatis

208 1776 351 1810 quoque
370 1764 529 1799 dedisset
549 1765 657 1799 fidem
677 1763 785 1798 etiam
805 1776 857 1808 pr.
878 1763 973 1806 (del.)
995 1764 1121 1808 spiritu
1140 1763 1306 1809 priuauit.
1323 1765 1373 1798 A.

257 1824 400 1857 Incerta
430 1822 571 1857 uidetur
593 1821 803 1856 emendatio
827 1822 981 1856 Acidalii
1005 1823 1048 1856 ab
1077 1834 1116 1856 eo
1138 1823 1333 1866 demetam,
1361 1822 1530 1868 quamuis

208 1892 251 1914 ex
280 1879 562 1925 palaeographia
593 1879 680 1914 satis
711 1880 998 1914 commendetur.
1049 1879 1108 1914 Sic
1136 1879 1233 1914 enim
1260 1881 1359 1924 apud
1388 1880 1529 1914 Liuium

207 1948 264 1983 45.
287 1948 327 1981 13
356 1950 414 1971 eos
442 1938 485 1971 de
508 1950 545 1972 se
570 1950 642 1972 non
667 1950 798 1983 rogare
817 1938 953 1971 factum
978 1944 1033 1972 est
1057 1939 1194 1972 eosdem
1217 1950 1254 1971 se
1277 1950 1350 1971 mm
1377 1950 1531 1983 rogam-003

209 2005 264 2041 45.
288 1999 327 2030 Ιὸ
353 1996 396 2029 sci
416 2007 578 2030 exercere
602 1996 737 2030 factum
763 2002 817 2029 est
841 1996 936 2029 idem
960 2007 1123 2029 exercere
1141 1995 1313 2040 (Maduig
1333 1996 1532 2029 Emendat.

211 2054 348 2088 Liuian.
368 2066 427 2098 pp.
448 2063 523 2098 597,
544 2054 636 2098 599).
688 2054 761 2088 Sed
781 2055 913 2088 haereo
933 2052 967 2087 in
986 2065 1035 2096 eo,
1055 2054 1152 2098 quod
1172 2052 1391 2097 interpositis
1409 2053 1530 2087 uerbis

209 2113 258 2146 D.
277 2113 441 2146 Erulum
460 2112 494 2145 Α
501 2113 622 2145 utendi
637 2113 824 2145 inlerenn'l
840 2111 1039 2144 crudelitas
1056 2122 1128 2145 non
1148 2112 1239 2145 bene
1264 2111 1311 2144 acl
1333 2112 1530 2145 Caesarem

210 2169 371 2204 refertur.
423 2169 658 2213 Quamquam
683 2168 777 2203 obici
796 2175 916 2212 potest
943 2169 1174 2203 Paterculum
1198 2167 1448 2212 neglegentius
1473 2168 1531 2202 hic

211 2227 246 2261 id
265 2238 466 2271 pronomen
490 2225 750 2271 multiplicasse
768 2230 894 2260 contra
913 2237 994 2259 eum
1009 2252 1016 2259 .
1034 2252 1041 2260 .
1058 2253 1066 2260 .
1081 2226 1125 2259 ab
1141 2238 1179 2259 eo
1194 2253 1201 2260 .
1217 2253 1223 2260 .
1240 2252 1247 2259 .
1263 2228 1414 2260 [assuete
1430 2227 1508 2259 eius
1523 2238 1530 2269 ;

210 2285 307 2329 quod
339 2283 367 2318 si
394 2291 448 2317 ter
473 2283 507 2317 in
534 2296 606 2318 una
631 2284 791 2318 clausula
816 2282 952 2326 fecerit,
980 2283 1075 2317 idem
1101 2295 1303 2328 pronomen
1329 2283 1374 2317 de
1398 2283 1531 2317 eodem

210 2343 347 2377 dictum
366 2344 525 2377 Caesare
542 2342 659 2377 fraudi
676 2341 877 2386 legentibus
895 2354 968 2376 non
986 2343 1145 2376 futurum
1164 2342 1286 2376 fuisse.
1325 2342 1400 2376 Sed
1417 2342 1532 2376 multo

211 2401 330 2436 uerius
360 2401 395 2435 id
426 2402 471 2435 dc
502 2401 652 2446 repetito
682 2402 726 2435 ab
758 2402 888 2443 eodem,
914 2403 1009 2435 idem
1039 2401 1109 2435 dici
1139 2408 1293 2446 poterat,
1321 2412 1403 2434 cum
1433 2400 1530 2434 enirn

213 2460 364 2494 Sextum
396 2458 609 2504 Pompeium
639 2459 699 2504 qui
730 2458 909 2494 interemit
935 2458 1117 2494 Antonius
1148 2470 1220 2493 non
1252 2457 1348 2494 idem
1376 2457 1530 2502 uicisset,

848 2532 903 2566 171
