1799 2864
658 223 862 260 VELLEI
894 223 1211 262 PATERCVLI

242 347 257 377 5
279 334 317 371 in
334 334 462 383 ipsum
483 333 612 383 potius
633 333 798 373 saeuiret
819 347 937 384 quam
964 334 1003 372 in
1027 348 1109 373 rem
1135 334 1345 384 publicam.
1405 347 1506 384 quae
1525 347 1603 373 uox

279 398 400 436 ueluti
427 400 585 437 oraculo
611 398 753 437 emissa
782 411 924 448 magna
942 406 1050 449 parte
1077 412 1167 437 eum
1195 399 1377 449 spoliauit
1404 399 1603 449 sanguinis

280 463 362 501 sui:
393 477 483 501 nam
504 465 669 502 alterum
689 477 736 502 ex
756 463 846 510 suis,
869 477 968 513 quos
992 464 1032 501 in
1059 464 1205 502 familia
1230 464 1450 511 retinuerat,
1473 464 1603 502 liberis

278 536 369 566 ante
397 541 544 578 paucos
574 528 771 578 triumphi,
804 529 969 566 alterum
998 536 1088 578 post
1116 529 1320 578 pauciores
1348 529 1477 567 amisit
1506 528 1600 567 dies.

241 603 259 633 6
278 606 414 642 aspera
434 593 535 631 circa
555 594 652 631 haec
673 600 851 642 tempora
870 606 1034 631 censura
1062 593 1176 631 Fului
1204 593 1333 632 Flacci
1353 601 1391 632 et
1413 593 1603 632 Postumii
1624 610 1640 641 5

280 657 415 695 Albini
434 657 505 695 fuit
522 672 529 695 ;
559 657 706 706 quippe
724 657 838 695 Fului
859 657 1031 696 censoris
1051 659 1176 705 frater,
1194 666 1232 696 et
1248 658 1409 708 quidem
1430 672 1602 705 consors

281 724 351 761 Cn.
377 722 537 760 Fuluius
558 729 695 760 senatu
717 729 847 760 motus
868 729 925 760 est
945 722 995 760 ab
1016 722 1061 760 iis
1082 722 1320 761 censoribus.

225 797 260 823 11
335 789 426 825 Post
446 787 596 824 uictum
626 794 864 836 captumque
889 789 1044 834 Persen,
1068 787 1135 837 qui
1164 787 1423 837 quadriennio
1450 796 1539 837 post
1565 787 1604 825 in

280 852 399 889 libera
427 851 607 889 custodia
626 852 753 890 Albae
773 851 952 898 decessit,
976 852 1335 902 Pseudophilippus
1355 866 1378 890 a
1398 852 1605 891 mendacio

280 917 482 967 simulatae
516 915 674 966 originis
708 917 937 966 appellatus,
964 916 1032 966 qui
1066 930 1108 955 se
1142 917 1369 967 Philippum
1400 917 1605 967 regiaeque
1628 933 1665 955 10

280 981 406 1031 stirpis
444 981 603 1028 ferebat,
636 995 727 1019 curn
761 989 863 1020 esset
897 981 1068 1029 ultimae,
1100 982 1216 1021 armis
1250 989 1442 1031 occupata
1477 983 1607 1020 Mace-

280 1046 410 1093 donia,
431 1046 650 1096 adsumptis
679 1046 788 1096 regni
811 1046 1041 1096 insignibus,
1064 1047 1174 1085 breui
1203 1046 1429 1085 temeritatis
1458 1059 1607 1096 poenas

246 1128 259 1148 2
280 1111 412 1149 dedit:
442 1111 589 1161 quippe
610 1112 658 1160 Q.
683 1113 869 1150 Metellus
896 1119 1060 1161 praetor,
1083 1111 1146 1150 cui
1175 1126 1221 1150 ex
1251 1112 1394 1150 uirtute
1422 1113 1608 1150 Macedo-

280 1175 358 1214 nici
379 1189 524 1214 nomen
546 1176 715 1214 inditum
736 1180 758 1216 †
772 1184 862 1223 erat,
885 1178 1082 1226 praeclara
1101 1177 1264 1215 uictoria
1287 1177 1416 1227 ipsum
1436 1184 1608 1226 gentem-

281 1255 358 1290 que
378 1241 586 1290 superauit,
609 1249 646 1280 et
666 1241 815 1279 inmani
836 1241 953 1280 etiam
973 1243 1155 1280 Achaeos
1179 1242 1366 1280 rebellare
1386 1241 1608 1291 incipientis
1631 1258 1666 1289 ¹5

246 1306 380 1345 3fudit
413 1306 507 1344 acie.
566 1306 631 1345 hic
664 1314 722 1345 est
758 1308 943 1345 Metellus
979 1307 1276 1354 Macedonicus,
1317 1307 1385 1357 qui
1422 1306 1606 1356 porticus,

282 1384 383 1420 quae
409 1371 565 1408 fuerunt
595 1370 860 1410 circumdatae
889 1372 1044 1410 duabus
1064 1371 1230 1410 aedibus
1251 1372 1334 1410 sine
1354 1371 1608 1421 inscriptione

282 1435 429 1485 positis,
460 1449 562 1485 quae
591 1450 697 1474 nune
727 1436 917 1475 Octauiae
946 1436 1161 1486 porticibus
1190 1436 1428 1483 ambiuntur,
1453 1437 1607 1482 fecerat,

282 1500 429 1550 quique
459 1502 560 1538 hanc
590 1508 758 1539 turmam
783 1508 997 1539 statuarum
1027 1501 1278 1551 equestrium,
1310 1514 1412 1550 quae
1440 1502 1609 1539 frontem

283 1565 440 1604 aedium
489 1572 678 1614 spectant,
719 1565 918 1615 hodieque
956 1565 1171 1604 maximum
1210 1573 1486 1604 ornamentum
1525 1564 1609 1603 eius
1631 1582 1670 1602 20

244 1629 369 1676 4loci‚
403 1643 450 1668 ex
484 1629 724 1668 Macedonia
762 1630 912 1668 detulit.
985 1630 1096 1669 cuius
1131 1638 1281 1668 turmae
1315 1631 1417 1668 hanc
1451 1642 1609 1668 causam

281 1696 462 1741 referunt,
496 1696 688 1744 Magnum
720 1696 988 1733 Alexandrum
1014 1694 1243 1745 impetrasse
1271 1708 1294 1732 a
1324 1694 1508 1744 Lysippo,
1537 1692 1611 1732 sin-

282 1758 402 1808 gulari
434 1758 569 1796 talium
603 1766 762 1797 auctore
796 1773 971 1809 operum,
1005 1767 1047 1797 ut
1081 1773 1216 1798 eorum
1248 1759 1437 1808 equitum,
1466 1757 1532 1808 qui
1564 1771 1611 1796 ex

283 1824 403 1873 ipsius
437 1830 565 1862 turma
597 1825 704 1873 apud
736 1824 951 1863 Granicum
982 1825 1130 1863 flumen
1164 1824 1397 1871 ceciderant,
1431 1836 1612 1873 expressa

284 1888 540 1927 similitudine
566 1890 776 1938 figurarum
806 1891 951 1928 faceret
978 1896 1124 1928 statuas
1152 1896 1189 1928 et
1221 1889 1342 1939 ipsius
1375 1901 1535 1938 quoque
1564 1887 1610 1925 iis
1632 1907 1668 1939 25

246 1969 261 1998 5
284 1954 556 2003 interponeret.
601 1953 665 1992 hic
692 1954 798 1992 idem
828 1954 976 2004 primus
1002 1954 1182 1993 omnium
1210 1955 1364 1992 Romae
1394 1953 1534 1992 aedem
1564 1966 1611 1991 ex

284 2031 476 2056 marmore
505 2018 544 2056 in
572 2018 616 2057 iis
644 2018 737 2068 ipsis
767 2019 1021 2058 monimentis
1048 2019 1207 2058 molitus
1232 2020 1347 2057 huius
1373 2020 1436 2057 uel
1466 2017 1611 2067 magni-

330 2133 342 2152 1
369 2122 516 2152 saeuiret
538 2121 596 2152 A:
631 2122 804 2153 saeuirent
827 2123 860 2153 Ρ
987 2132 1007 2161 3
1031 2119 1140 2153 εκίἰε
1167 2121 1289 2161 Aldus,
1317 2132 1361 2152 an
1389 2121 1501 2152 liberis
1523 2121 1611 2162 glos-

283 2175 372 2196 sema
396 2165 469 2196 est?
591 2175 610 2204 5
636 2165 824 2196 Posthumii
848 2166 881 2196 Ρ
985 2167 1007 2196 6
1028 2166 1118 2197 {nezi
1140 2166 1200 2196 fuit
1223 2165 1256 2195 A
1391 2165 1412 2195 8
1434 2164 1611 2204 quadrien-

284 2210 340 2239 nio
365 2209 452 2240 BA:
488 2209 750 2247 quadriennium
775 2209 807 2239 Ρ
965 2220 987 2249 9
1011 2209 1046 2241 Ρ.
1065 2210 1172 2240 seudo
1197 2209 1368 2249 philippus
1389 2208 1422 2238 A
1573 2217 1610 2238 12

284 2251 470 2291 adsumptis
509 2253 586 2284 coni.
625 2252 753 2284 Burer:
795 2253 963 2292 adsumpti
994 2253 1084 2284 AP:
1127 2253 1306 2283 {efflat-is
1337 2252 1409 2294 (sic)
1447 2257 1609 2292 suprascr.

284 2296 482 2326 temeritatis
498 2295 532 2326 A
656 2306 694 2335 13
720 2295 790 2327 PR.
808 2296 840 2326 A
966 2307 1004 2334 14
1028 2301 1100 2327 erat
1117 2296 1175 2328 del.
1191 2296 1360 2327 Gelenius:
1384 2300 1437 2327 est
1457 2295 1611 2326 Vossius:

286 2339 453 2370 inditurus
493 2344 565 2370 erat
602 2340 657 2373 (sc.
691 2339 1017 2380 Pseudophilippus)
1057 2339 1267 2370 Mommsen:
1311 2339 1381 2370 indi
1421 2339 1522 2370 fatum
1561 2338 1615 2369 uel

285 2383 487 2414 destinatum
505 2387 578 2413 erat
599 2382 744 2413 Thomas
874 2392 913 2422 15
935 2383 1039 2414 imani
1055 2383 1088 2413 A
1107 2394 1114 2413 z
1139 2383 1226 2415 imm.
1244 2383 1278 2413 Ρ
1363 2383 1565 2422 incipientes
1581 2381 1614 2412 Ρ

289 2437 326 2465 17
351 2426 487 2457 fuerunt
517 2426 575 2456 A:
613 2426 707 2457 suere
738 2427 772 2457 Ρ
923 2437 963 2457 22
991 2426 1178 2466 imperasse
1209 2426 1358 2467 Lysippo
1384 2450 1391 2458 .
1414 2450 1422 2457 .
1449 2449 1456 2457 .
1479 2425 1610 2456 auctori

286 2469 478 2500 Salmasius
499 2473 528 2500 et
547 2469 747 2501 Freinsheim
896 2481 937 2510 24
962 2470 1123 2501 Granium
1145 2470 1178 2500 A
1313 2480 1353 2509 27
1379 2478 1523 2500 monum.
1543 2467 1614 2498 ΑΡ

288 2514 386 2544 huius
410 2513 485 2544 add.
504 2513 670 2545 Ruhnken

930 2573 969 2596 10
