<?xml version="1.0" encoding="UTF-8"?>
<!DOCTYPE html PUBLIC "-//W3C//DTD XHTML 1.0 Transitional//EN"
    "http://www.w3.org/TR/xhtml1/DTD/xhtml1-transitional.dtd">
<html xmlns="http://www.w3.org/1999/xhtml" xml:lang="en" lang="en">
 <head>
  <title>
</title>
<meta http-equiv="Content-Type" content="text/html;charset=utf-8" />
  <meta name='ocr-system' content='tesseract 3.04.00' />
  <meta name='ocr-capabilities' content='ocr_page ocr_carea ocr_par ocr_line ocrx_word'/>
</head>
<body>
  <div class='ocr_page' id='page_1' title='image "admvinciumlibrid00velluoft_0110.png"; bbox 0 0 1799 2864; ppageno 0'>
   <div class='ocr_carea' id='block_1_1' title="bbox 646 214 1201 253">
    <p class='ocr_par' dir='ltr' id='par_1_1' title="bbox 646 214 1201 253">
     <span class='ocr_line' id='line_1_1' title="bbox 646 214 1201 253; baseline 0.004 -3"><span class='ocrx_word' id='word_1_1' title='bbox 646 214 850 251; x_wconf 90' lang='lat' dir='ltr'>VELLEI</span> <span class='ocrx_word' id='word_1_2' title='bbox 883 214 1201 253; x_wconf 89' lang='lat' dir='ltr'>PATERCVLI</span> 
     </span>
    </p>
   </div>
   <div class='ocr_carea' id='block_1_2' title="bbox 174 321 1639 2065">
    <p class='ocr_par' dir='ltr' id='par_1_2' title="bbox 219 321 1583 566">
     <span class='ocr_line' id='line_1_2' title="bbox 219 321 1583 372; baseline 0.003 -12"><span class='ocrx_word' id='word_1_3' title='bbox 219 326 238 355; x_wconf 88' lang='lat'>6</span> <span class='ocrx_word' id='word_1_4' title='bbox 257 321 489 372; x_wconf 80' lang='lat' dir='ltr'>imperatore</span> <span class='ocrx_word' id='word_1_5' title='bbox 523 336 594 361; x_wconf 88' lang='lat' dir='ltr'>suo</span> <span class='ocrx_word' id='word_1_6' title='bbox 624 324 702 361; x_wconf 91' lang='lat' dir='ltr'>ulla</span> <span class='ocrx_word' id='word_1_7' title='bbox 732 337 773 362; x_wconf 89' lang='lat' dir='ltr'>se</span> <span class='ocrx_word' id='word_1_8' title='bbox 803 323 1004 362; x_wconf 86' lang='lat' dir='ltr'>audituros</span> <span class='ocrx_word' id='word_1_9' title='bbox 1039 325 1233 362; x_wconf 87' lang='lat' dir='ltr'>mandata.</span> <span class='ocrx_word' id='word_1_10' title='bbox 1292 326 1369 363; x_wconf 89' lang='lat' dir='ltr'>hoc</span> <span class='ocrx_word' id='word_1_11' title='bbox 1399 332 1457 364; x_wconf 89' lang='lat' dir='ltr'>est</span> <span class='ocrx_word' id='word_1_12' title='bbox 1486 325 1583 365; x_wconf 93' lang='lat' dir='ltr'>illud</span> 
     </span>
     <span class='ocr_line' id='line_1_3' title="bbox 257 387 1582 439; baseline 0.003 -15"><span class='ocrx_word' id='word_1_13' title='bbox 257 395 422 437; x_wconf 87' lang='lat' dir='ltr'>tempus,</span> <span class='ocrx_word' id='word_1_14' title='bbox 456 401 536 437; x_wconf 86' lang='lat' dir='ltr'>quo</span> <span class='ocrx_word' id='word_1_15' title='bbox 567 387 707 427; x_wconf 89' lang='lat' dir='ltr'>Cicero</span> <span class='ocrx_word' id='word_1_16' title='bbox 738 387 855 426; x_wconf 89' lang='lat' dir='ltr'>insito</span> <span class='ocrx_word' id='word_1_17' title='bbox 888 401 1021 426; x_wconf 90' lang='lat' dir='ltr'>amore</span> <span class='ocrx_word' id='word_1_18' title='bbox 1053 388 1380 438; x_wconf 86' lang='lat' dir='ltr'>Pompeianarum</span> <span class='ocrx_word' id='word_1_19' title='bbox 1414 390 1582 439; x_wconf 89' lang='lat' dir='ltr'>partium</span> 
     </span>
     <span class='ocr_line' id='line_1_4' title="bbox 257 452 1582 501; baseline 0.003 -12"><span class='ocrx_word' id='word_1_20' title='bbox 257 452 465 490; x_wconf 81' lang='lat' dir='ltr'>Caesarem</span> <span class='ocrx_word' id='word_1_21' title='bbox 503 453 744 491; x_wconf 88' lang='lat' dir='ltr'>laudandum</span> <span class='ocrx_word' id='word_1_22' title='bbox 785 461 822 490; x_wconf 87' lang='lat' dir='ltr'>et</span> <span class='ocrx_word' id='word_1_23' title='bbox 860 454 1078 491; x_wconf 88' lang='lat' dir='ltr'>tollendum</span> <span class='ocrx_word' id='word_1_24' title='bbox 1117 454 1313 501; x_wconf 89' lang='lat' dir='ltr'>censebat,</span> <span class='ocrx_word' id='word_1_25' title='bbox 1347 467 1437 492; x_wconf 90' lang='lat' dir='ltr'>cum</span> <span class='ocrx_word' id='word_1_26' title='bbox 1475 454 1582 494; x_wconf 91' lang='lat' dir='ltr'>aliud</span> 
     </span>
     <span class='ocr_line' id='line_1_5' title="bbox 257 516 881 566; baseline 0 -12"><span class='ocrx_word' id='word_1_27' title='bbox 257 516 413 563; x_wconf 88' lang='lat' dir='ltr'>diceret,</span> <span class='ocrx_word' id='word_1_28' title='bbox 436 516 543 555; x_wconf 89' lang='lat' dir='ltr'>aliud</span> <span class='ocrx_word' id='word_1_29' title='bbox 563 517 733 566; x_wconf 81' lang='lat' dir='ltr'><strong>intellegi</strong></span> <span class='ocrx_word' id='word_1_30' title='bbox 754 518 881 555; x_wconf 89' lang='lat' dir='ltr'>uellet.</span> 
     </span>
    </p>

    <p class='ocr_par' dir='ltr' id='par_1_3' title="bbox 185 581 1639 1084">
     <span class='ocr_line' id='line_1_6' title="bbox 185 581 1618 633; baseline 0.003 -15"><span class='ocrx_word' id='word_1_31' title='bbox 185 586 238 631; x_wconf 92' lang='lat'>63</span> <span class='ocrx_word' id='word_1_32' title='bbox 311 581 473 619; x_wconf 82' lang='lat' dir='ltr'>Interim</span> <span class='ocrx_word' id='word_1_33' title='bbox 519 581 715 619; x_wconf 88' lang='lat' dir='ltr'>Antonius</span> <span class='ocrx_word' id='word_1_34' title='bbox 758 582 849 630; x_wconf 84' lang='lat' dir='ltr'>fuga</span> <span class='ocrx_word' id='word_1_35' title='bbox 892 589 1150 631; x_wconf 83' lang='lat' dir='ltr'>transgressus</span> <span class='ocrx_word' id='word_1_36' title='bbox 1189 582 1310 632; x_wconf 88' lang='lat' dir='ltr'>Alpis,</span> <span class='ocrx_word' id='word_1_37' title='bbox 1351 582 1476 632; x_wconf 89' lang='lat' dir='ltr'>primo</span> <span class='ocrx_word' id='word_1_38' title='bbox 1514 593 1618 633; x_wconf 78' lang='lat' dir='ltr'>per5</span> 
     </span>
     <span class='ocr_line' id='line_1_7' title="bbox 255 645 1581 696; baseline 0.002 -13"><span class='ocrx_word' id='word_1_39' title='bbox 255 645 452 696; x_wconf 86' lang='lat' dir='ltr'>colloquia</span> <span class='ocrx_word' id='word_1_40' title='bbox 490 647 666 695; x_wconf 88' lang='lat' dir='ltr'>repulsus</span> <span class='ocrx_word' id='word_1_41' title='bbox 709 658 732 683; x_wconf 89' lang='lat' dir='ltr'>a</span> <span class='ocrx_word' id='word_1_42' title='bbox 781 647 835 683; x_wconf 94' lang='lat' dir='ltr'>M.</span> <span class='ocrx_word' id='word_1_43' title='bbox 878 645 1041 695; x_wconf 92' lang='lat' dir='ltr'>Lepido,</span> <span class='ocrx_word' id='word_1_44' title='bbox 1077 646 1143 696; x_wconf 85' lang='lat' dir='ltr'>qui</span> <span class='ocrx_word' id='word_1_45' title='bbox 1182 647 1356 696; x_wconf 78' lang='lat' dir='ltr'>pontifex</span> <span class='ocrx_word' id='word_1_46' title='bbox 1389 647 1581 686; x_wconf 87' lang='lat' dir='ltr'>maximus</span> 
     </span>
     <span class='ocr_line' id='line_1_8' title="bbox 254 710 1581 762; baseline 0.002 -14"><span class='ocrx_word' id='word_1_47' title='bbox 254 711 292 749; x_wconf 90' lang='lat' dir='ltr'>in</span> <span class='ocrx_word' id='word_1_48' title='bbox 328 712 371 750; x_wconf 89' lang='lat' dir='ltr'>C.</span> <span class='ocrx_word' id='word_1_49' title='bbox 407 710 584 750; x_wconf 80' lang='lat' dir='ltr'>Caesaris</span> <span class='ocrx_word' id='word_1_50' title='bbox 613 712 744 748; x_wconf 89' lang='lat' dir='ltr'>locum</span> <span class='ocrx_word' id='word_1_51' title='bbox 774 711 875 748; x_wconf 84' lang='lat' dir='ltr'>furto</span> <span class='ocrx_word' id='word_1_52' title='bbox 907 719 1057 749; x_wconf 90' lang='lat' dir='ltr'>creatus</span> <span class='ocrx_word' id='word_1_53' title='bbox 1091 712 1247 750; x_wconf 91' lang='lat' dir='ltr'>decreta</span> <span class='ocrx_word' id='word_1_54' title='bbox 1280 711 1353 750; x_wconf 89' lang='lat' dir='ltr'>sibi</span> <span class='ocrx_word' id='word_1_55' title='bbox 1386 712 1581 762; x_wconf 86' lang='lat' dir='ltr'>Hispania</span> 
     </span>
     <span class='ocr_line' id='line_1_9' title="bbox 253 775 1579 826; baseline 0 -12"><span class='ocrx_word' id='word_1_56' title='bbox 253 777 383 814; x_wconf 90' lang='lat' dir='ltr'>adhuc</span> <span class='ocrx_word' id='word_1_57' title='bbox 421 775 461 813; x_wconf 90' lang='lat' dir='ltr'>in</span> <span class='ocrx_word' id='word_1_58' title='bbox 495 775 622 813; x_wconf 82' lang='lat' dir='ltr'>Gallia</span> <span class='ocrx_word' id='word_1_59' title='bbox 656 775 890 821; x_wconf 84' lang='lat' dir='ltr'>morabatur,</span> <span class='ocrx_word' id='word_1_60' title='bbox 923 788 1014 813; x_wconf 88' lang='lat' dir='ltr'>mox</span> <span class='ocrx_word' id='word_1_61' title='bbox 1052 775 1206 825; x_wconf 88' lang='lat' dir='ltr'>saepius</span> <span class='ocrx_word' id='word_1_62' title='bbox 1244 775 1283 813; x_wconf 91' lang='lat' dir='ltr'>in</span> <span class='ocrx_word' id='word_1_63' title='bbox 1322 785 1579 826; x_wconf 86' lang='lat' dir='ltr'>conspectum</span> 
     </span>
     <span class='ocr_line' id='line_1_10' title="bbox 253 838 1580 890; baseline 0.001 -12"><span class='ocrx_word' id='word_1_64' title='bbox 253 840 416 878; x_wconf 89' lang='lat' dir='ltr'>ueniens</span> <span class='ocrx_word' id='word_1_65' title='bbox 437 839 604 877; x_wconf 89' lang='lat' dir='ltr'>militum</span> <span class='ocrx_word' id='word_1_66' title='bbox 626 840 733 890; x_wconf 87' lang='lat' dir='ltr'>(cum</span> <span class='ocrx_word' id='word_1_67' title='bbox 754 846 792 877; x_wconf 93' lang='lat' dir='ltr'>et</span> <span class='ocrx_word' id='word_1_68' title='bbox 820 838 972 888; x_wconf 89' lang='lat' dir='ltr'>Lepido</span> <span class='ocrx_word' id='word_1_69' title='bbox 1002 853 1139 878; x_wconf 87' lang='lat' dir='ltr'>ornnes</span> <span class='ocrx_word' id='word_1_70' title='bbox 1170 840 1421 890; x_wconf 91' lang='lat' dir='ltr'>imperatores</span> <span class='ocrx_word' id='word_1_71' title='bbox 1453 843 1580 879; x_wconf 88' lang='lat' dir='ltr'>forent</span> 
     </span>
     <span class='ocr_line' id='line_1_11' title="bbox 254 904 1639 956; baseline 0.001 -13"><span class='ocrx_word' id='word_1_72' title='bbox 254 905 432 944; x_wconf 88' lang='lat' dir='ltr'>meliores</span> <span class='ocrx_word' id='word_1_73' title='bbox 456 913 494 943; x_wconf 93' lang='lat' dir='ltr'>et</span> <span class='ocrx_word' id='word_1_74' title='bbox 520 904 652 942; x_wconf 90' lang='lat' dir='ltr'>multis</span> <span class='ocrx_word' id='word_1_75' title='bbox 679 904 887 951; x_wconf 86' lang='lat' dir='ltr'>Antonius,</span> <span class='ocrx_word' id='word_1_76' title='bbox 910 905 1006 943; x_wconf 88' lang='lat' dir='ltr'>dum</span> <span class='ocrx_word' id='word_1_77' title='bbox 1033 913 1113 943; x_wconf 87' lang='lat' dir='ltr'>erat</span> <span class='ocrx_word' id='word_1_78' title='bbox 1144 905 1325 956; x_wconf 90' lang='lat' dir='ltr'>sobrius),</span> <span class='ocrx_word' id='word_1_79' title='bbox 1347 919 1414 956; x_wconf 90' lang='lat' dir='ltr'>per</span> <span class='ocrx_word' id='word_1_80' title='bbox 1442 920 1579 945; x_wconf 88' lang='lat' dir='ltr'>auersa</span> <span class='ocrx_word' id='word_1_81' title='bbox 1601 923 1639 946; x_wconf 88' lang='lat'>10</span> 
     </span>
     <span class='ocr_line' id='line_1_12' title="bbox 252 969 1577 1020; baseline 0.001 -12"><span class='ocrx_word' id='word_1_82' title='bbox 252 978 465 1008; x_wconf 87' lang='lat' dir='ltr'>castrorum</span> <span class='ocrx_word' id='word_1_83' title='bbox 487 976 647 1018; x_wconf 90' lang='lat' dir='ltr'>proruto</span> <span class='ocrx_word' id='word_1_84' title='bbox 671 970 775 1007; x_wconf 91' lang='lat' dir='ltr'>uallo</span> <span class='ocrx_word' id='word_1_85' title='bbox 795 983 819 1006; x_wconf 85' lang='lat' dir='ltr'>a</span> <span class='ocrx_word' id='word_1_86' title='bbox 851 969 1039 1008; x_wconf 85' lang='lat' dir='ltr'>militibus</span> <span class='ocrx_word' id='word_1_87' title='bbox 1066 978 1245 1019; x_wconf 88' lang='lat' dir='ltr'>receptus</span> <span class='ocrx_word' id='word_1_88' title='bbox 1266 979 1346 1008; x_wconf 88' lang='lat' dir='ltr'>est:</span> <span class='ocrx_word' id='word_1_89' title='bbox 1377 971 1443 1020; x_wconf 88' lang='lat' dir='ltr'>qui</span> <span class='ocrx_word' id='word_1_90' title='bbox 1464 971 1577 1010; x_wconf 91' lang='lat' dir='ltr'>titulo</span> 
     </span>
     <span class='ocr_line' id='line_1_13' title="bbox 252 1033 1577 1084; baseline 0.002 -12"><span class='ocrx_word' id='word_1_91' title='bbox 252 1034 388 1084; x_wconf 89' lang='lat' dir='ltr'>imperi</span> <span class='ocrx_word' id='word_1_92' title='bbox 426 1033 592 1072; x_wconf 83' lang='lat' dir='ltr'>cedebat</span> <span class='ocrx_word' id='word_1_93' title='bbox 628 1033 791 1083; x_wconf 86' lang='lat' dir='ltr'>Lepido,</span> <span class='ocrx_word' id='word_1_94' title='bbox 827 1047 917 1072; x_wconf 89' lang='lat' dir='ltr'>cum</span> <span class='ocrx_word' id='word_1_95' title='bbox 957 1048 1111 1072; x_wconf 88' lang='lat' dir='ltr'>summa</span> <span class='ocrx_word' id='word_1_96' title='bbox 1147 1034 1288 1072; x_wconf 86' lang='lat' dir='ltr'>uirium</span> <span class='ocrx_word' id='word_1_97' title='bbox 1327 1048 1447 1084; x_wconf 90' lang='lat' dir='ltr'>penes</span> <span class='ocrx_word' id='word_1_98' title='bbox 1485 1049 1577 1074; x_wconf 91' lang='lat' dir='ltr'>eum</span> 
     </span>
    </p>

    <p class='ocr_par' dir='ltr' id='par_1_4' title="bbox 215 1097 1634 1279">
     <span class='ocr_line' id='line_1_14' title="bbox 215 1097 1574 1147; baseline 0.001 -10"><span class='ocrx_word' id='word_1_99' title='bbox 215 1116 230 1137; x_wconf 90' lang='lat'>2</span> <span class='ocrx_word' id='word_1_100' title='bbox 250 1100 357 1137; x_wconf 91' lang='lat' dir='ltr'>foret.</span> <span class='ocrx_word' id='word_1_101' title='bbox 409 1098 482 1136; x_wconf 91' lang='lat' dir='ltr'>sub</span> <span class='ocrx_word' id='word_1_102' title='bbox 502 1097 652 1135; x_wconf 88' lang='lat' dir='ltr'>Antoni</span> <span class='ocrx_word' id='word_1_103' title='bbox 673 1097 889 1147; x_wconf 86' lang='lat' dir='ltr'>ingressum</span> <span class='ocrx_word' id='word_1_104' title='bbox 910 1098 949 1135; x_wconf 91' lang='lat' dir='ltr'>in</span> <span class='ocrx_word' id='word_1_105' title='bbox 971 1107 1094 1136; x_wconf 87' lang='lat' dir='ltr'>castra</span> <span class='ocrx_word' id='word_1_106' title='bbox 1116 1099 1321 1137; x_wconf 89' lang='lat' dir='ltr'>quentius</span> <span class='ocrx_word' id='word_1_107' title='bbox 1344 1100 1574 1147; x_wconf 85' lang='lat' dir='ltr'>Laterensis,</span> 
     </span>
     <span class='ocr_line' id='line_1_15' title="bbox 250 1163 1576 1211; baseline 0.001 -9"><span class='ocrx_word' id='word_1_108' title='bbox 250 1164 308 1202; x_wconf 93' lang='lat' dir='ltr'>uir</span> <span class='ocrx_word' id='word_1_109' title='bbox 352 1163 432 1201; x_wconf 90' lang='lat' dir='ltr'>uita</span> <span class='ocrx_word' id='word_1_110' title='bbox 469 1176 514 1200; x_wconf 86' lang='lat' dir='ltr'>ac</span> <span class='ocrx_word' id='word_1_111' title='bbox 553 1171 678 1201; x_wconf 90' lang='lat' dir='ltr'>morte</span> <span class='ocrx_word' id='word_1_112' title='bbox 712 1171 1011 1211; x_wconf 84' lang='lat' dir='ltr'>consentaneus,</span> <span class='ocrx_word' id='word_1_113' title='bbox 1045 1177 1135 1202; x_wconf 90' lang='lat' dir='ltr'>cum</span> <span class='ocrx_word' id='word_1_114' title='bbox 1173 1164 1359 1202; x_wconf 87' lang='lat' dir='ltr'>acerrime</span> <span class='ocrx_word' id='word_1_115' title='bbox 1393 1164 1576 1203; x_wconf 84' lang='lat' dir='ltr'>suasisset</span> 
     </span>
     <span class='ocr_line' id='line_1_16' title="bbox 250 1228 1634 1279; baseline 0.001 -12"><span class='ocrx_word' id='word_1_116' title='bbox 250 1229 414 1279; x_wconf 92' lang='lat' dir='ltr'>Lepido,</span> <span class='ocrx_word' id='word_1_117' title='bbox 437 1242 486 1266; x_wconf 92' lang='lat' dir='ltr'>ne</span> <span class='ocrx_word' id='word_1_118' title='bbox 507 1241 548 1266; x_wconf 94' lang='lat' dir='ltr'>se</span> <span class='ocrx_word' id='word_1_119' title='bbox 569 1241 659 1266; x_wconf 88' lang='lat' dir='ltr'>cum</span> <span class='ocrx_word' id='word_1_120' title='bbox 686 1228 863 1266; x_wconf 89' lang='lat' dir='ltr'>Antonio</span> <span class='ocrx_word' id='word_1_121' title='bbox 894 1230 1007 1266; x_wconf 88' lang='lat' dir='ltr'>hoste</span> <span class='ocrx_word' id='word_1_122' title='bbox 1038 1229 1211 1267; x_wconf 87' lang='lat' dir='ltr'>iudicato</span> <span class='ocrx_word' id='word_1_123' title='bbox 1232 1229 1417 1279; x_wconf 88' lang='lat' dir='ltr'>iungeret,</span> <span class='ocrx_word' id='word_1_124' title='bbox 1439 1229 1576 1268; x_wconf 90' lang='lat' dir='ltr'>inritus</span> <span class='ocrx_word' id='word_1_125' title='bbox 1599 1243 1634 1273; x_wconf 85' lang='lat'>15</span> 
     </span>
    </p>

    <p class='ocr_par' dir='ltr' id='par_1_5' title="bbox 209 1293 1636 1726">
     <span class='ocr_line' id='line_1_17' title="bbox 209 1293 1575 1347; baseline -0.001 -13"><span class='ocrx_word' id='word_1_126' title='bbox 209 1319 227 1347; x_wconf 82' lang='lat'>3</span> <span class='ocrx_word' id='word_1_127' title='bbox 249 1295 387 1334; x_wconf 90' lang='lat' dir='ltr'>consili</span> <span class='ocrx_word' id='word_1_128' title='bbox 407 1294 537 1344; x_wconf 85' lang='lat' dir='ltr'>gladio</span> <span class='ocrx_word' id='word_1_129' title='bbox 569 1307 610 1331; x_wconf 88' lang='lat' dir='ltr'>se</span> <span class='ocrx_word' id='word_1_130' title='bbox 642 1293 724 1343; x_wconf 92' lang='lat' dir='ltr'>ipse</span> <span class='ocrx_word' id='word_1_131' title='bbox 752 1294 948 1332; x_wconf 79' lang='lat' dir='ltr'>transfixit.</span> <span class='ocrx_word' id='word_1_132' title='bbox 1009 1296 1177 1333; x_wconf 86' lang='lat' dir='ltr'>Plancus</span> <span class='ocrx_word' id='word_1_133' title='bbox 1207 1295 1352 1333; x_wconf 85' lang='lat' dir='ltr'>deinde</span> <span class='ocrx_word' id='word_1_134' title='bbox 1381 1295 1512 1343; x_wconf 88' lang='lat' dir='ltr'>dubia,</span> <span class='ocrx_word' id='word_1_135' title='bbox 1535 1295 1575 1334; x_wconf 94' lang='lat' dir='ltr'>id</span> 
     </span>
     <span class='ocr_line' id='line_1_18' title="bbox 248 1360 1576 1410; baseline 0 -11"><span class='ocrx_word' id='word_1_136' title='bbox 248 1369 305 1399; x_wconf 90' lang='lat' dir='ltr'>est</span> <span class='ocrx_word' id='word_1_137' title='bbox 329 1374 399 1399; x_wconf 90' lang='lat' dir='ltr'>sua</span> <span class='ocrx_word' id='word_1_138' title='bbox 425 1362 514 1407; x_wconf 85' lang='lat' dir='ltr'>fide,</span> <span class='ocrx_word' id='word_1_139' title='bbox 537 1360 604 1398; x_wconf 90' lang='lat' dir='ltr'>diu</span> <span class='ocrx_word' id='word_1_140' title='bbox 635 1374 799 1409; x_wconf 87' lang='lat' dir='ltr'>quarum</span> <span class='ocrx_word' id='word_1_141' title='bbox 831 1369 933 1399; x_wconf 88' lang='lat' dir='ltr'>esset</span> <span class='ocrx_word' id='word_1_142' title='bbox 966 1360 1133 1410; x_wconf 91' lang='lat' dir='ltr'>partium</span> <span class='ocrx_word' id='word_1_143' title='bbox 1169 1375 1302 1399; x_wconf 86' lang='lat' dir='ltr'>secum</span> <span class='ocrx_word' id='word_1_144' title='bbox 1334 1363 1501 1399; x_wconf 89' lang='lat' dir='ltr'>luctatus</span> <span class='ocrx_word' id='word_1_145' title='bbox 1530 1375 1576 1399; x_wconf 91' lang='lat' dir='ltr'>ac</span> 
     </span>
     <span class='ocr_line' id='line_1_19' title="bbox 247 1425 1576 1476; baseline 0 -12"><span class='ocrx_word' id='word_1_146' title='bbox 247 1426 321 1465; x_wconf 87' lang='lat' dir='ltr'>sibi</span> <span class='ocrx_word' id='word_1_147' title='bbox 352 1425 509 1464; x_wconf 86' lang='lat' dir='ltr'>difficile</span> <span class='ocrx_word' id='word_1_148' title='bbox 535 1425 797 1472; x_wconf 88' lang='lat' dir='ltr'>consentiens,</span> <span class='ocrx_word' id='word_1_149' title='bbox 820 1434 858 1463; x_wconf 94' lang='lat' dir='ltr'>et</span> <span class='ocrx_word' id='word_1_150' title='bbox 881 1439 988 1463; x_wconf 88' lang='lat' dir='ltr'>nunc</span> <span class='ocrx_word' id='word_1_151' title='bbox 1007 1426 1162 1464; x_wconf 89' lang='lat' dir='ltr'>adiutor</span> <span class='ocrx_word' id='word_1_152' title='bbox 1183 1428 1231 1464; x_wconf 92' lang='lat' dir='ltr'>D.</span> <span class='ocrx_word' id='word_1_153' title='bbox 1256 1426 1365 1464; x_wconf 89' lang='lat' dir='ltr'>Bruti</span> <span class='ocrx_word' id='word_1_154' title='bbox 1386 1426 1576 1476; x_wconf 86' lang='lat' dir='ltr'>designati</span> 
     </span>
     <span class='ocr_line' id='line_1_20' title="bbox 248 1491 1576 1542; baseline 0.001 -13"><span class='ocrx_word' id='word_1_155' title='bbox 248 1492 430 1539; x_wconf 86' lang='lat' dir='ltr'>consulis,</span> <span class='ocrx_word' id='word_1_156' title='bbox 454 1494 626 1542; x_wconf 84' lang='lat' dir='ltr'>collegae</span> <span class='ocrx_word' id='word_1_157' title='bbox 647 1491 717 1539; x_wconf 87' lang='lat' dir='ltr'>sui,</span> <span class='ocrx_word' id='word_1_158' title='bbox 740 1492 972 1542; x_wconf 82' lang='lat' dir='ltr'>senatuique</span> <span class='ocrx_word' id='word_1_159' title='bbox 1004 1506 1044 1530; x_wconf 88' lang='lat' dir='ltr'>se</span> <span class='ocrx_word' id='word_1_160' title='bbox 1076 1492 1210 1530; x_wconf 86' lang='lat' dir='ltr'>litteris</span> <span class='ocrx_word' id='word_1_161' title='bbox 1242 1493 1461 1539; x_wconf 86' lang='lat' dir='ltr'>uenditans,</span> <span class='ocrx_word' id='word_1_162' title='bbox 1485 1506 1576 1531; x_wconf 84' lang='lat' dir='ltr'>mox</span> 
     </span>
     <span class='ocr_line' id='line_1_21' title="bbox 247 1556 1636 1607; baseline 0 -12"><span class='ocrx_word' id='word_1_163' title='bbox 247 1557 423 1595; x_wconf 85' lang='lat' dir='ltr'>eiusdem</span> <span class='ocrx_word' id='word_1_164' title='bbox 444 1557 630 1607; x_wconf 86' lang='lat' dir='ltr'>proditor,</span> <span class='ocrx_word' id='word_1_165' title='bbox 653 1556 812 1594; x_wconf 87' lang='lat' dir='ltr'>Asinius</span> <span class='ocrx_word' id='word_1_166' title='bbox 832 1565 964 1595; x_wconf 89' lang='lat' dir='ltr'>autem</span> <span class='ocrx_word' id='word_1_167' title='bbox 986 1556 1112 1595; x_wconf 90' lang='lat' dir='ltr'>Pollio</span> <span class='ocrx_word' id='word_1_168' title='bbox 1143 1558 1276 1595; x_wconf 84' lang='lat' dir='ltr'>firmus</span> <span class='ocrx_word' id='word_1_169' title='bbox 1308 1556 1508 1606; x_wconf 85' lang='lat' dir='ltr'>proposito</span> <span class='ocrx_word' id='word_1_170' title='bbox 1538 1565 1576 1595; x_wconf 92' lang='lat' dir='ltr'>et</span> <span class='ocrx_word' id='word_1_171' title='bbox 1597 1567 1636 1589; x_wconf 90' lang='lat'>20</span> 
     </span>
     <span class='ocr_line' id='line_1_22' title="bbox 249 1622 1576 1672; baseline 0 -12"><span class='ocrx_word' id='word_1_172' title='bbox 249 1622 410 1661; x_wconf 89' lang='lat' dir='ltr'>Iulianis</span> <span class='ocrx_word' id='word_1_173' title='bbox 441 1622 616 1672; x_wconf 89' lang='lat' dir='ltr'>partibus</span> <span class='ocrx_word' id='word_1_174' title='bbox 647 1623 760 1668; x_wconf 89' lang='lat' dir='ltr'>fidus,</span> <span class='ocrx_word' id='word_1_175' title='bbox 784 1622 1035 1671; x_wconf 85' lang='lat' dir='ltr'>Pompeianis</span> <span class='ocrx_word' id='word_1_176' title='bbox 1062 1623 1261 1669; x_wconf 89' lang='lat' dir='ltr'>aduersus,</span> <span class='ocrx_word' id='word_1_177' title='bbox 1284 1631 1447 1672; x_wconf 85' lang='lat' dir='ltr'>uterque</span> <span class='ocrx_word' id='word_1_178' title='bbox 1473 1636 1576 1661; x_wconf 77' lang='lat' dir='ltr'>exer-</span> 
     </span>
     <span class='ocr_line' id='line_1_23' title="bbox 247 1686 768 1726; baseline -0.002 -1"><span class='ocrx_word' id='word_1_179' title='bbox 247 1687 346 1726; x_wconf 90' lang='lat' dir='ltr'>citus</span> <span class='ocrx_word' id='word_1_180' title='bbox 367 1687 561 1726; x_wconf 90' lang='lat' dir='ltr'>tradidere</span> <span class='ocrx_word' id='word_1_181' title='bbox 581 1686 768 1724; x_wconf 89' lang='lat' dir='ltr'>Antonio.</span> 
     </span>
    </p>

    <p class='ocr_par' dir='ltr' id='par_1_6' title="bbox 174 1751 1630 2000">
     <span class='ocr_line' id='line_1_24' title="bbox 174 1751 1574 1808; baseline -0.001 -16"><span class='ocrx_word' id='word_1_182' title='bbox 174 1762 229 1808; x_wconf 89' lang='lat'>64</span> <span class='ocrx_word' id='word_1_183' title='bbox 303 1756 350 1792; x_wconf 93' lang='lat' dir='ltr'>D.</span> <span class='ocrx_word' id='word_1_184' title='bbox 377 1756 518 1791; x_wconf 88' lang='lat' dir='ltr'>Brutus</span> <span class='ocrx_word' id='word_1_185' title='bbox 545 1754 721 1791; x_wconf 89' lang='lat' dir='ltr'>desertus</span> <span class='ocrx_word' id='word_1_186' title='bbox 742 1752 868 1801; x_wconf 91' lang='lat' dir='ltr'>primo</span> <span class='ocrx_word' id='word_1_187' title='bbox 894 1765 917 1790; x_wconf 86' lang='lat' dir='ltr'>a</span> <span class='ocrx_word' id='word_1_188' title='bbox 943 1753 1102 1799; x_wconf 87' lang='lat' dir='ltr'>Planco,</span> <span class='ocrx_word' id='word_1_189' title='bbox 1124 1760 1261 1802; x_wconf 88' lang='lat' dir='ltr'>postea</span> <span class='ocrx_word' id='word_1_190' title='bbox 1286 1752 1402 1790; x_wconf 86' lang='lat' dir='ltr'>etiam</span> <span class='ocrx_word' id='word_1_191' title='bbox 1423 1751 1574 1790; x_wconf 88' lang='lat' dir='ltr'>insidiis</span> 
     </span>
     <span class='ocr_line' id='line_1_25' title="bbox 248 1816 1572 1867; baseline -0.002 -10"><span class='ocrx_word' id='word_1_192' title='bbox 248 1819 424 1857; x_wconf 89' lang='lat' dir='ltr'>eiusdem</span> <span class='ocrx_word' id='word_1_193' title='bbox 456 1817 611 1867; x_wconf 88' lang='lat' dir='ltr'>petitus,</span> <span class='ocrx_word' id='word_1_194' title='bbox 634 1816 821 1866; x_wconf 90' lang='lat' dir='ltr'>paulatim</span> <span class='ocrx_word' id='word_1_195' title='bbox 849 1816 1093 1866; x_wconf 88' lang='lat' dir='ltr'>relinquente</span> <span class='ocrx_word' id='word_1_196' title='bbox 1120 1830 1210 1855; x_wconf 93' lang='lat' dir='ltr'>eum</span> <span class='ocrx_word' id='word_1_197' title='bbox 1231 1817 1400 1855; x_wconf 87' lang='lat' dir='ltr'>exercitu</span> <span class='ocrx_word' id='word_1_198' title='bbox 1421 1816 1572 1866; x_wconf 85' lang='lat' dir='ltr'>fugiens</span> 
     </span>
     <span class='ocr_line' id='line_1_26' title="bbox 246 1883 1630 1934; baseline -0.003 -11"><span class='ocrx_word' id='word_1_199' title='bbox 246 1886 285 1923; x_wconf 91' lang='lat' dir='ltr'>in</span> <span class='ocrx_word' id='word_1_200' title='bbox 306 1884 471 1934; x_wconf 87' lang='lat' dir='ltr'>hospitis</span> <span class='ocrx_word' id='word_1_201' title='bbox 492 1883 696 1922; x_wconf 88' lang='lat' dir='ltr'>cuiusdam</span> <span class='ocrx_word' id='word_1_202' title='bbox 718 1883 860 1921; x_wconf 88' lang='lat' dir='ltr'>nobilis</span> <span class='ocrx_word' id='word_1_203' title='bbox 888 1883 970 1929; x_wconf 90' lang='lat' dir='ltr'>uiri,</span> <span class='ocrx_word' id='word_1_204' title='bbox 993 1883 1154 1921; x_wconf 90' lang='lat' dir='ltr'>nomine</span> <span class='ocrx_word' id='word_1_205' title='bbox 1186 1883 1348 1929; x_wconf 87' lang='lat' dir='ltr'>Cameli,</span> <span class='ocrx_word' id='word_1_206' title='bbox 1371 1884 1493 1921; x_wconf 91' lang='lat' dir='ltr'>domo</span> <span class='ocrx_word' id='word_1_207' title='bbox 1522 1883 1572 1920; x_wconf 90' lang='lat' dir='ltr'>ab</span> <span class='ocrx_word' id='word_1_208' title='bbox 1594 1899 1630 1930; x_wconf 82' lang='lat'>25</span> 
     </span>
     <span class='ocr_line' id='line_1_27' title="bbox 244 1947 1572 2000; baseline -0.003 -11"><span class='ocrx_word' id='word_1_209' title='bbox 244 1951 300 1998; x_wconf 88' lang='lat' dir='ltr'>iis,</span> <span class='ocrx_word' id='word_1_210' title='bbox 341 1963 441 2000; x_wconf 89' lang='lat' dir='ltr'>quos</span> <span class='ocrx_word' id='word_1_211' title='bbox 479 1949 635 1986; x_wconf 87' lang='lat' dir='ltr'>miserat</span> <span class='ocrx_word' id='word_1_212' title='bbox 673 1947 882 1994; x_wconf 88' lang='lat' dir='ltr'>Antonius,</span> <span class='ocrx_word' id='word_1_213' title='bbox 923 1947 1116 1997; x_wconf 85' lang='lat' dir='ltr'>iugulatus</span> <span class='ocrx_word' id='word_1_214' title='bbox 1159 1956 1216 1986; x_wconf 91' lang='lat' dir='ltr'>est</span> <span class='ocrx_word' id='word_1_215' title='bbox 1263 1947 1572 1997; x_wconf 88' lang='lat' dir='ltr'>iustissimasque</span> 
     </span>
    </p>

    <p class='ocr_par' dir='ltr' id='par_1_7' title="bbox 204 2011 1571 2065">
     <span class='ocr_line' id='line_1_28' title="bbox 204 2011 1571 2065; baseline -0.002 -12"><span class='ocrx_word' id='word_1_216' title='bbox 204 2037 218 2057; x_wconf 84' lang='lat'><strong>2</strong></span> <span class='ocrx_word' id='word_1_217' title='bbox 244 2015 392 2065; x_wconf 87' lang='lat' dir='ltr'>optime</span> <span class='ocrx_word' id='word_1_218' title='bbox 424 2015 473 2052; x_wconf 94' lang='lat' dir='ltr'>de</span> <span class='ocrx_word' id='word_1_219' title='bbox 505 2027 545 2051; x_wconf 91' lang='lat' dir='ltr'>se</span> <span class='ocrx_word' id='word_1_220' title='bbox 580 2012 718 2050; x_wconf 90' lang='lat' dir='ltr'>merito</span> <span class='ocrx_word' id='word_1_221' title='bbox 750 2012 834 2050; x_wconf 93' lang='lat' dir='ltr'>uiro</span> <span class='ocrx_word' id='word_1_222' title='bbox 869 2013 912 2051; x_wconf 92' lang='lat' dir='ltr'>C.</span> <span class='ocrx_word' id='word_1_223' title='bbox 946 2011 1102 2051; x_wconf 87' lang='lat' dir='ltr'>Caesari</span> <span class='ocrx_word' id='word_1_224' title='bbox 1132 2025 1279 2061; x_wconf 87' lang='lat' dir='ltr'>poenas</span> <span class='ocrx_word' id='word_1_225' title='bbox 1309 2011 1429 2058; x_wconf 88' lang='lat' dir='ltr'>dedit,</span> <span class='ocrx_word' id='word_1_226' title='bbox 1461 2011 1571 2050; x_wconf 90' lang='lat' dir='ltr'>cuius</span> 
     </span>
    </p>
   </div>
   <div class='ocr_carea' id='block_1_3' title="bbox 240 2119 1571 2291">
    <p class='ocr_par' dir='ltr' id='par_1_8' title="bbox 240 2119 1571 2291">
     <span class='ocr_line' id='line_1_29' title="bbox 286 2119 1571 2160; baseline 0 -10"><span class='ocrx_word' id='word_1_227' title='bbox 286 2132 305 2160; x_wconf 82' lang='lat'><strong>3</strong></span> <span class='ocrx_word' id='word_1_228' title='bbox 330 2121 411 2152; x_wconf 88' lang='lat' dir='ltr'>aliut</span> <span class='ocrx_word' id='word_1_229' title='bbox 430 2147 436 2153; x_wconf 91' lang='lat'><em>.</em></span> <span class='ocrx_word' id='word_1_230' title='bbox 454 2147 460 2152; x_wconf 86' lang='lat'>.</span> <span class='ocrx_word' id='word_1_231' title='bbox 479 2145 485 2152; x_wconf 90' lang='lat'><strong>.</strong></span> <span class='ocrx_word' id='word_1_232' title='bbox 503 2121 582 2151; x_wconf 81' lang='lat' dir='ltr'>aliut</span> <span class='ocrx_word' id='word_1_233' title='bbox 595 2120 629 2150; x_wconf 87' lang='lat' dir='ltr'><em>A</em></span> <span class='ocrx_word' id='word_1_234' title='bbox 736 2132 755 2159; x_wconf 89' lang='lat'>4</span> <span class='ocrx_word' id='word_1_235' title='bbox 780 2121 921 2159; x_wconf 82' lang='lat' dir='ltr'>intelligi</span> <span class='ocrx_word' id='word_1_236' title='bbox 937 2120 1009 2151; x_wconf 84' lang='grc' dir='ltr'>ΑΡ</span> <span class='ocrx_word' id='word_1_237' title='bbox 1108 2130 1126 2159; x_wconf 88' lang='lat'><strong>5</strong></span> <span class='ocrx_word' id='word_1_238' title='bbox 1151 2120 1257 2159; x_wconf 84' lang='lat' dir='ltr'>Alpes</span> <span class='ocrx_word' id='word_1_239' title='bbox 1276 2119 1348 2150; x_wconf 83' lang='grc' dir='ltr'>ΑΡ</span> <span class='ocrx_word' id='word_1_240' title='bbox 1441 2120 1462 2149; x_wconf 88' lang='grc'>6</span> <span class='ocrx_word' id='word_1_241' title='bbox 1485 2119 1571 2151; x_wconf 91' lang='lat' dir='ltr'>conl.</span> 
     </span>
     <span class='ocr_line' id='line_1_30' title="bbox 240 2162 1571 2204; baseline -0.002 -9"><span class='ocrx_word' id='word_1_242' title='bbox 240 2164 313 2195; x_wconf 85' lang='grc' dir='ltr'>ΑΡ</span> <span class='ocrx_word' id='word_1_243' title='bbox 405 2165 460 2204; x_wconf 88' lang='lat' dir='ltr'>qui</span> <span class='ocrx_word' id='word_1_244' title='bbox 479 2169 570 2204; x_wconf 89' lang='lat' dir='ltr'>pont.</span> <span class='ocrx_word' id='word_1_245' title='bbox 582 2175 668 2194; x_wconf 82' lang='lat' dir='ltr'>max.</span> <span class='ocrx_word' id='word_1_246' title='bbox 681 2174 746 2195; x_wconf 85' lang='lat' dir='ltr'>om.</span> <span class='ocrx_word' id='word_1_247' title='bbox 758 2164 792 2194; x_wconf 88' lang='lat' dir='ltr'><em>A</em></span> <span class='ocrx_word' id='word_1_248' title='bbox 883 2166 904 2195; x_wconf 83' lang='lat'>8</span> <span class='ocrx_word' id='word_1_249' title='bbox 927 2165 1042 2203; x_wconf 86' lang='lat' dir='ltr'>sepius</span> <span class='ocrx_word' id='word_1_250' title='bbox 1058 2164 1091 2194; x_wconf 88' lang='lat' dir='ltr'><em>A</em></span> <span class='ocrx_word' id='word_1_251' title='bbox 1192 2174 1212 2203; x_wconf 92' lang='lat'>9</span> <span class='ocrx_word' id='word_1_252' title='bbox 1240 2163 1378 2203; x_wconf 82' lang='lat' dir='ltr'>Laepido</span> <span class='ocrx_word' id='word_1_253' title='bbox 1395 2162 1428 2193; x_wconf 91' lang='lat' dir='ltr'><em>A</em></span> <span class='ocrx_word' id='word_1_254' title='bbox 1531 2173 1571 2193; x_wconf 89' lang='lat'>10</span> 
     </span>
     <span class='ocr_line' id='line_1_31' title="bbox 243 2206 1568 2247; baseline -0.002 -9"><span class='ocrx_word' id='word_1_255' title='bbox 243 2219 398 2239; x_wconf 89' lang='lat' dir='ltr'>auersam</span> <span class='ocrx_word' id='word_1_256' title='bbox 411 2208 444 2239; x_wconf 90' lang='lat' dir='ltr'><em>A</em></span> <span class='ocrx_word' id='word_1_257' title='bbox 450 2208 482 2238; x_wconf 84' lang='lat' dir='ltr'>P</span> <span class='ocrx_word' id='word_1_258' title='bbox 488 2219 494 2238; x_wconf 94' lang='lat'>:</span> <span class='ocrx_word' id='word_1_259' title='bbox 512 2212 641 2247; x_wconf 85' lang='lat' dir='ltr'>partem</span> <span class='ocrx_word' id='word_1_260' title='bbox 654 2207 688 2237; x_wconf 86' lang='lat' dir='ltr'><em>A</em></span> <span class='ocrx_word' id='word_1_261' title='bbox 693 2207 776 2246; x_wconf 72' lang='lat' dir='ltr'>Idus,</span> <span class='ocrx_word' id='word_1_262' title='bbox 791 2213 920 2247; x_wconf 88' lang='lat' dir='ltr'>portam</span> <span class='ocrx_word' id='word_1_263' title='bbox 938 2207 1076 2238; x_wconf 75' lang='lat' dir='ltr'>Vrsinus</span> <span class='ocrx_word' id='word_1_264' title='bbox 1083 2207 1260 2247; x_wconf 77' lang='lat' dir='ltr'>suppleuit:</span> <span class='ocrx_word' id='word_1_265' title='bbox 1278 2217 1398 2237; x_wconf 84' lang='lat' dir='ltr'>auersa</span> <span class='ocrx_word' id='word_1_266' title='bbox 1413 2206 1568 2243; x_wconf 77' lang='lat' dir='ltr'>Gelenius,</span> 
     </span>
     <span class='ocr_line' id='line_1_32' title="bbox 242 2250 1570 2291; baseline -0.001 -10"><span class='ocrx_word' id='word_1_267' title='bbox 242 2252 332 2291; x_wconf 83' lang='lat' dir='ltr'>quod</span> <span class='ocrx_word' id='word_1_268' title='bbox 347 2252 484 2291; x_wconf 59' lang='lat' dir='ltr'>defendit</span> <span class='ocrx_word' id='word_1_269' title='bbox 504 2251 600 2281; x_wconf 66' lang='lat' dir='ltr'>Kritz</span> <span class='ocrx_word' id='word_1_270' title='bbox 616 2262 655 2280; x_wconf 74' lang='lat' dir='ltr'>ex</span> <span class='ocrx_word' id='word_1_271' title='bbox 669 2251 744 2282; x_wconf 79' lang='lat' dir='ltr'>Lite.</span> <span class='ocrx_word' id='word_1_272' title='bbox 764 2261 793 2282; x_wconf 88' lang='lat' dir='ltr'>v.</span> <span class='ocrx_word' id='word_1_273' title='bbox 810 2262 860 2290; x_wconf 86' lang='lat'>29.</span> <span class='ocrx_word' id='word_1_274' title='bbox 875 2261 904 2290; x_wconf 85' lang='lat'>5.</span> <span class='ocrx_word' id='word_1_275' title='bbox 924 2251 1011 2282; x_wconf 85' lang='lat' dir='ltr'>Plin.</span> <span class='ocrx_word' id='word_1_276' title='bbox 1031 2250 1078 2282; x_wconf 92' lang='lat' dir='ltr'>H.</span> <span class='ocrx_word' id='word_1_277' title='bbox 1097 2250 1136 2280; x_wconf 92' lang='lat' dir='ltr'>N.</span> <span class='ocrx_word' id='word_1_278' title='bbox 1156 2250 1200 2281; x_wconf 88' lang='lat' dir='ltr'>vi.</span> <span class='ocrx_word' id='word_1_279' title='bbox 1223 2252 1260 2281; x_wconf 91' lang='lat'>18</span> <span class='ocrx_word' id='word_1_280' title='bbox 1367 2261 1404 2281; x_wconf 92' lang='lat'>11</span> <span class='ocrx_word' id='word_1_281' title='bbox 1431 2254 1570 2289; x_wconf 87' lang='lat' dir='ltr'>proruto</span> 
     </span>
    </p>
   </div>
   <div class='ocr_carea' id='block_1_4' title="bbox 239 2293 1569 2476">
    <p class='ocr_par' dir='ltr' id='par_1_9' title="bbox 239 2293 1569 2476">
     <span class='ocr_line' id='line_1_33' title="bbox 245 2293 1569 2334; baseline -0.002 -10"><span class='ocrx_word' id='word_1_282' title='bbox 245 2295 412 2326; x_wconf 56' lang='lat' dir='ltr'>Gratius:</span> <span class='ocrx_word' id='word_1_283' title='bbox 436 2300 574 2334; x_wconf 89' lang='lat' dir='ltr'>proruta</span> <span class='ocrx_word' id='word_1_284' title='bbox 589 2294 622 2324; x_wconf 87' lang='lat' dir='ltr'><em>A</em></span> <span class='ocrx_word' id='word_1_285' title='bbox 628 2294 661 2324; x_wconf 89' lang='lat' dir='ltr'>P</span> <span class='ocrx_word' id='word_1_286' title='bbox 712 2305 730 2324; x_wconf 90' lang='lat' dir='ltr'>a</span> <span class='ocrx_word' id='word_1_287' title='bbox 748 2294 820 2325; x_wconf 81' lang='lat' dir='ltr'>add.</span> <span class='ocrx_word' id='word_1_288' title='bbox 842 2294 1000 2324; x_wconf 79' lang='lat' dir='ltr'>Heinsius</span> <span class='ocrx_word' id='word_1_289' title='bbox 1112 2305 1149 2324; x_wconf 89' lang='lat'>12</span> <span class='ocrx_word' id='word_1_290' title='bbox 1174 2294 1303 2334; x_wconf 87' lang='lat' dir='ltr'>imperii</span> <span class='ocrx_word' id='word_1_291' title='bbox 1320 2293 1391 2324; x_wconf 85' lang='grc' dir='ltr'>ΑΡ</span> <span class='ocrx_word' id='word_1_292' title='bbox 1532 2303 1569 2330; x_wconf 90' lang='lat'>14</span> 
     </span>
     <span class='ocr_line' id='line_1_34' title="bbox 241 2336 1568 2377; baseline -0.001 -9"><span class='ocrx_word' id='word_1_293' title='bbox 241 2339 423 2369; x_wconf 86' lang='lat' dir='ltr'>accerrime</span> <span class='ocrx_word' id='word_1_294' title='bbox 439 2338 473 2368; x_wconf 91' lang='lat' dir='ltr'><em>A</em></span> <span class='ocrx_word' id='word_1_295' title='bbox 591 2340 631 2370; x_wconf 84' lang='lat'>16</span> <span class='ocrx_word' id='word_1_296' title='bbox 654 2337 787 2369; x_wconf 85' lang='lat' dir='ltr'>consilii</span> <span class='ocrx_word' id='word_1_297' title='bbox 803 2337 874 2368; x_wconf 84' lang='grc' dir='ltr'>ΑΡ</span> <span class='ocrx_word' id='word_1_298' title='bbox 988 2348 1027 2377; x_wconf 87' lang='lat'>19</span> <span class='ocrx_word' id='word_1_299' title='bbox 1051 2338 1199 2368; x_wconf 87' lang='lat' dir='ltr'>consulis</span> <span class='ocrx_word' id='word_1_300' title='bbox 1216 2338 1249 2367; x_wconf 90' lang='lat' dir='ltr'><em>A</em></span> <span class='ocrx_word' id='word_1_301' title='bbox 1267 2349 1274 2368; x_wconf 92' lang='lat'>:</span> <span class='ocrx_word' id='word_1_302' title='bbox 1299 2337 1396 2368; x_wconf 87' lang='lat' dir='ltr'>COS.</span> <span class='ocrx_word' id='word_1_303' title='bbox 1414 2336 1448 2367; x_wconf 90' lang='lat' dir='ltr'>P</span> <span class='ocrx_word' id='word_1_304' title='bbox 1531 2346 1568 2366; x_wconf 85' lang='lat' dir='ltr'>se</span> 
     </span>
     <span class='ocr_line' id='line_1_35' title="bbox 240 2388 1569 2432; baseline -0.002 -10"><span class='ocrx_word' id='word_1_305' title='bbox 240 2398 340 2432; x_wconf 76' lang='lat' dir='ltr'>supra</span> <span class='ocrx_word' id='word_1_306' title='bbox 363 2403 493 2423; x_wconf 68' lang='lat' dir='ltr'>uetsum</span> <span class='ocrx_word' id='word_1_307' title='bbox 510 2392 543 2422; x_wconf 90' lang='lat' dir='ltr'><em>A</em></span> <span class='ocrx_word' id='word_1_308' title='bbox 635 2403 676 2431; x_wconf 86' lang='lat'>23</span> <span class='ocrx_word' id='word_1_309' title='bbox 701 2388 774 2432; x_wconf 59' lang='lat' dir='ltr'>ffio</span> <span class='ocrx_word' id='word_1_310' title='bbox 793 2392 824 2422; x_wconf 84' lang='lat' dir='ltr'><em>A</em></span> <span class='ocrx_word' id='word_1_311' title='bbox 915 2396 1033 2431; x_wconf 82' lang='lat' dir='ltr'>postea</span> <span class='ocrx_word' id='word_1_312' title='bbox 1049 2392 1082 2421; x_wconf 90' lang='lat' dir='ltr'><em>A</em></span> <span class='ocrx_word' id='word_1_313' title='bbox 1099 2403 1106 2423; x_wconf 75' lang='grc' dir='ltr'>ε</span> <span class='ocrx_word' id='word_1_314' title='bbox 1131 2396 1207 2431; x_wconf 86' lang='lat' dir='ltr'>post</span> <span class='ocrx_word' id='word_1_315' title='bbox 1225 2391 1258 2421; x_wconf 85' lang='lat' dir='ltr'>P</span> <span class='ocrx_word' id='word_1_316' title='bbox 1350 2400 1390 2430; x_wconf 87' lang='lat'>25</span> <span class='ocrx_word' id='word_1_317' title='bbox 1415 2390 1569 2430; x_wconf 88' lang='lat' dir='ltr'>hospitiis</span> 
     </span>
     <span class='ocr_line' id='line_1_36' title="bbox 239 2434 1358 2476; baseline -0.002 -10"><span class='ocrx_word' id='word_1_318' title='bbox 239 2436 272 2466; x_wconf 89' lang='lat' dir='ltr'><em>A</em></span> <span class='ocrx_word' id='word_1_319' title='bbox 365 2437 493 2466; x_wconf 89' lang='lat' dir='ltr'>Camilli</span> <span class='ocrx_word' id='word_1_320' title='bbox 512 2435 649 2467; x_wconf 75' lang='lat' dir='ltr'>Cludt&#39;us</span> <span class='ocrx_word' id='word_1_321' title='bbox 663 2447 702 2466; x_wconf 83' lang='lat' dir='ltr'>ex</span> <span class='ocrx_word' id='word_1_322' title='bbox 715 2436 802 2476; x_wconf 83' lang='lat' dir='ltr'>App.</span> <span class='ocrx_word' id='word_1_323' title='bbox 821 2436 847 2467; x_wconf 89' lang='lat' dir='ltr'>b.</span> <span class='ocrx_word' id='word_1_324' title='bbox 867 2436 919 2467; x_wconf 82' lang='lat' dir='ltr'>ct&#39;v.</span> <span class='ocrx_word' id='word_1_325' title='bbox 940 2446 969 2475; x_wconf 88' lang='lat'>3,</span> <span class='ocrx_word' id='word_1_326' title='bbox 988 2436 1031 2475; x_wconf 91' lang='lat'>98</span> <span class='ocrx_word' id='word_1_327' title='bbox 1162 2436 1204 2465; x_wconf 87' lang='lat' dir='ltr'>ab</span> <span class='ocrx_word' id='word_1_328' title='bbox 1220 2435 1272 2465; x_wconf 83' lang='lat' dir='ltr'>his</span> <span class='ocrx_word' id='word_1_329' title='bbox 1287 2434 1358 2465; x_wconf 89' lang='grc' dir='ltr'>ΑΡ</span> 
     </span>
    </p>
   </div>
   <div class='ocr_carea' id='block_1_5' title="bbox 883 2532 926 2563">
    <p class='ocr_par' dir='ltr' id='par_1_10' title="bbox 883 2532 926 2563">
     <span class='ocr_line' id='line_1_37' title="bbox 883 2532 926 2563; baseline -0.023 0"><span class='ocrx_word' id='word_1_330' title='bbox 883 2532 926 2563; x_wconf 89' lang='lat'>80</span> 
     </span>
    </p>
   </div>
  </div>
 </body>
</html>
