1799 2864
666 215 870 252 VELLEI
901 215 1219 254 PATERCVLI

281 324 529 364 clementiam
568 325 751 364 uinceret.
822 339 950 375 neque
988 326 1165 375 reperias,
1206 339 1305 375 quos
1343 334 1409 364 aut
1447 325 1605 375 pronior

280 391 435 428 fortuna
464 389 648 428 comitata
677 389 724 428 sit
752 398 819 428 aut
848 389 969 428 ueluti
997 390 1154 440 fatigata
1180 390 1367 428 maturius
1388 390 1604 428 destituerit

279 467 397 503 quam
420 456 584 492 Brutum
605 462 642 492 et
663 454 853 493 Cassium.

207 521 260 560 70
333 520 437 556 Turn
470 520 614 558 Caesar
644 527 682 557 et
712 518 908 557 Antonius
940 518 1172 557 traiecerunt
1197 518 1385 557 exercitus
1412 518 1451 556 in
1475 520 1605 557 Mace-

279 583 439 621 doniam
470 591 507 621 et
535 585 641 632 apud
665 583 802 621 urbem
824 582 1025 632 Philippos
1047 596 1136 621 cum
1159 585 1214 621 M.
1235 586 1356 622 Bruto
1387 583 1604 632 Cassioque
1624 599 1639 628 5

275 647 359 686 acie
394 655 681 686 concurrerunt.
741 661 873 694 cornu,
920 647 982 685 cui
1023 650 1165 685 Brutus
1202 656 1386 697 praeerat,
1427 648 1604 697 impulsis

276 712 455 750 hostibus
489 720 613 750 castra
646 711 823 751 Caesaris
857 711 959 761 cepit
999 711 1106 762 (nam
1145 712 1228 762 ipse
1262 714 1416 760 Caesar,
1452 713 1601 751 etiamsi

275 776 561 814 infirmissimus
593 775 818 814 ualetudine
849 784 940 822 erat,
977 776 1112 814 obibat
1146 776 1280 814 munia
1313 777 1436 824 ducis,
1472 786 1602 815 oratus

275 841 391 879 etiam
413 841 463 879 ab
483 840 639 879 Artorio
660 840 827 887 medico,
850 854 899 878 ne
919 840 959 878 in
986 840 1119 878 castris
1148 849 1375 888 remaneret,
1398 842 1602 880 manifesta

275 904 573 944 denuntiatione
611 904 751 954 quietis
790 904 950 954 territo),
984 904 1025 943 id
1063 912 1206 951 autem,
1246 905 1286 942 in
1325 918 1404 954 quo
1443 906 1601 945 Cassius

275 970 409 1016 fuerat,
442 971 618 1019 fugatum
649 982 696 1007 ac
728 970 828 1007 male
860 970 1074 1007 mulcatum
1106 969 1146 1007 in
1177 969 1314 1007 altiora
1341 983 1377 1007 se
1405 979 1601 1019 receperat

239 1045 253 1066 2
274 1035 370 1072 loca.
430 1042 512 1071 tum
544 1033 702 1072 Cassius
732 1047 779 1071 ex
807 1047 877 1071 sua
904 1035 1060 1071 fortuna
1088 1042 1274 1071 euentum
1302 1035 1473 1083 collegae
1492 1035 1602 1072 aesti-

275 1112 397 1145 mans,
426 1112 515 1136 curn
547 1097 757 1136 dimisisset
787 1106 996 1136 euocatum
1025 1098 1278 1147 iussissetque
1307 1098 1485 1136 nuntiare
1515 1098 1599 1145 sibi,

274 1176 375 1212 quae
395 1170 496 1200 esset
517 1161 727 1200 multitudo
754 1175 800 1200 ac
826 1162 885 1200 uis
916 1162 1135 1209 hominum,
1159 1176 1259 1212 quae
1279 1164 1329 1202 ad
1350 1176 1391 1201 se
1411 1164 1599 1210 tenderet,

273 1226 419 1265 tardius
451 1240 498 1265 eo
530 1226 746 1273 nuntiante,
770 1240 859 1264 cum
891 1226 930 1264 in
962 1227 1095 1265 uicino
1127 1235 1228 1265 esset
1254 1240 1394 1276 agmen
1417 1241 1530 1266 cursu
1550 1229 1600 1266 ad

273 1306 363 1330 eum
395 1291 641 1330 tendentium
676 1305 805 1341 neque
838 1293 1000 1342 puluere
1033 1291 1151 1330 facies
1184 1300 1251 1330 aut
1282 1291 1391 1341 signa
1424 1292 1601 1330 denotari

271 1364 442 1406 possent,
465 1355 689 1394 existimans
710 1357 841 1394 hostes
871 1369 967 1403 esse,
989 1356 1056 1405 qui
1080 1356 1287 1403 inruerent,
1310 1358 1464 1394 lacerna
1484 1365 1600 1407 caput

271 1420 530 1459 circumdedit
561 1429 838 1470 extentamque
869 1420 1062 1459 ceruicem
1096 1420 1291 1459 interritus
1322 1420 1461 1459 liberto
1495 1435 1600 1471 prae-

234 1497 252 1527 3
271 1485 364 1524 buit.
438 1485 638 1524 deciderat
671 1485 782 1525 Cassi
817 1494 945 1535 caput,
975 1499 1064 1524 curn
1097 1493 1284 1524 euocatus
1313 1485 1474 1524 aduenit
1504 1500 1599 1524 nun-

270 1550 370 1588 tians
405 1552 569 1588 Brutum
609 1563 693 1588 esse
726 1549 927 1589 uictorem.
987 1550 1054 1600 qui
1088 1564 1178 1588 cum
1209 1550 1483 1600 imperatorem
1514 1564 1599 1600 pro·
1622 1565 1634 1585 ε

270 1622 432 1652 stratum
470 1614 632 1661 uideret,
666 1627 816 1663 sequar,
853 1614 990 1664 inquit,
1027 1628 1128 1661 eum,
1170 1628 1288 1664 quem
1328 1628 1416 1653 rnea
1454 1615 1598 1654 occidit

231 1697 252 1728 4
271 1678 440 1725 tarditas,
477 1687 514 1716 et
546 1679 599 1716 ita
631 1678 671 1716 in
704 1679 878 1728 gladium
910 1678 1098 1717 incubuit.
1158 1687 1246 1728 post
1276 1692 1423 1728 paucos
1453 1679 1597 1718 deinde

270 1743 353 1782 dies
385 1746 527 1782 Brutus
557 1744 731 1782 conflixit
759 1757 849 1782 cum
883 1744 1062 1782 hostibus
1097 1752 1135 1782 et
1166 1744 1292 1782 uictus
1323 1744 1406 1783 acie
1438 1758 1528 1783 cum
1558 1745 1596 1782 in

270 1810 465 1846 tumulum
490 1817 606 1846 nocte
635 1822 682 1847 ex
707 1810 798 1858 fuga
823 1822 864 1847 se
890 1808 1109 1858 recepisset,
1132 1809 1353 1858 impetrauit
1376 1823 1400 1847 a
1419 1810 1598 1848 Stratone

270 1875 453 1923 Aegeate,
489 1873 666 1911 familiari
704 1887 786 1920 suo,
823 1881 865 1911 ut
903 1887 1063 1911 manum
1103 1873 1290 1912 morituro
1329 1876 1598 1913 commodaret
1641 1891 1655 1921 5

235 1949 252 1979 5
272 1938 370 1986 sibi;
398 1938 622 1988 reiectoque
642 1940 756 1977 laeuo
777 1951 892 1988 super
918 1947 1035 1988 caput
1062 1938 1233 1986 brachio,
1256 1952 1346 1977 cum
1368 1952 1597 1978 mucronem

271 2002 389 2052 gladii
410 2002 492 2041 eius
523 2005 681 2042 dextera
707 2011 843 2041 tenens
871 2002 1046 2041 sinistrae
1071 2003 1313 2042 admouisset
1334 2003 1528 2042 mamillae
1547 2005 1598 2043 ad

317 2108 338 2137 6
359 2112 404 2146 ip.
421 2107 478 2138 A:
503 2107 578 2147 imp.
599 2107 633 2137 P
741 2118 761 2146 9
786 2107 965 2138 manifesta
985 2107 1163 2138 Heinsius:
1188 2108 1364 2139 manifeste
1381 2108 1470 2139 AP:
1495 2109 1598 2138 mani-

274 2150 380 2181 festae
397 2151 600 2181 Vascosanus
611 2154 638 2180 et
651 2151 750 2181 Orelli
830 2161 865 2181 11
886 2152 1078 2182 mulctatum
1090 2151 1123 2181 A
1137 2163 1144 2182 ε
1169 2152 1342 2182 multatum
1357 2151 1400 2183 P:
1419 2152 1596 2182 mulcatum

280 2195 417 2225 Vrsinus
547 2205 584 2224 se
611 2194 683 2224 add.
715 2194 862 2224 Gelenius
986 2205 1024 2233 13
1049 2195 1210 2225 nunciare
1233 2195 1285 2226 P:
1325 2196 1475 2226 nunciari
1500 2196 1534 2225 A
1565 2200 1600 2225 ut

278 2237 415 2268 Cludius
429 2248 467 2267 ex
481 2238 558 2267 coni.
575 2239 740 2277 scripserat
874 2248 910 2275 14
936 2235 1094 2268 tendes&
1108 2238 1155 2277 A,
1173 2238 1231 2268 sed
1243 2246 1264 2250 ·“
1275 2242 1351 2278 post
1365 2249 1455 2268 eraso
1561 2249 1598 2278 17

276 2281 336 2311 inr.
350 2281 384 2311 A
477 2282 516 2310 18
534 2281 666 2320 prebuit
678 2281 712 2311 A
805 2291 844 2320 19
869 2282 975 2312 Cassii
992 2281 1062 2311 ΑΡ
1146 2292 1188 2312 22
1206 2282 1355 2312 incubuit
1368 2281 1418 2312 P:
1443 2282 1599 2313 occubuit

275 2324 309 2354 A
344 2328 380 2354 ut
409 2334 447 2354 ex
475 2325 552 2355 coni.
584 2325 750 2364 scn'jmerat
774 2326 898 2354 amicus
928 2325 957 2354 V
956 2325 1033 2355 ossii
1168 2336 1208 2363 24
1233 2326 1398 2356 tumulum
1432 2325 1598 2356 Gelenius:

275 2367 453 2398 tumultum
470 2367 542 2398 ΑΡ
634 2368 812 2407 imperauit
827 2368 1011 2399 Astratone
1031 2368 1204 2407 Aegeatae
1218 2369 1252 2398 A
1353 2370 1394 2399 26
1417 2369 1547 2408 sibique
1563 2369 1596 2398 A

275 2411 332 2440 sed
351 2411 446 2441 deleto
468 2421 534 2450 que
646 2421 686 2451 27
712 2412 878 2442 mamillae
900 2412 933 2442 A
961 2416 1043 2450 recte,
1062 2413 1099 2452 gf.
1117 2413 1252 2444 Lachm.
1271 2412 1317 2443 ad
1335 2412 1458 2443 Lucret.
1477 2413 1495 2442 i.
1513 2414 1598 2451 360:

275 2454 418 2485 mamilla
435 2454 469 2485 P

915 2527 956 2560 86

1627 923 1661 943 10
