1799 2864
597 739 972 786 ADDENDA

449 909 531 944 AD
572 909 816 945 LIBRVM
857 908 1115 944 PRIMVM

171 1013 300 1056 Nuper
317 1011 363 1045 de
383 1010 496 1044 Vellei
513 1009 572 1045 lib.
592 1009 600 1043 i
618 1009 788 1044 disseruit
808 1010 848 1044 F.
868 1010 1013 1044 Schoell
1036 1011 1132 1044 Mus.
1149 1010 1266 1045 Rhen.
1282 1009 1339 1045 liii.
1357 1019 1447 1055 511—

124 1079 164 1114 52
171 1079 202 1114 5,
221 1070 319 1104 unde
336 1070 427 1103 haec
445 1066 618 1112 excerpsi.

171 1140 192 1163 2
214 1138 228 1162 1
259 1128 381 1171 Quod,
409 1128 548 1161 Burero
574 1133 678 1168 teste,
706 1126 740 1159 in
769 1126 1006 1161 Murbacensi
1031 1125 1098 1160 fuit
1123 1127 1259 1160 rixam.
1282 1128 1389 1169 ncl‘eS‚
1413 1127 1447 1162 id

591 1181 619 1197 ‘n

124 1206 325 1242 Schoellius
347 1218 390 1241 ex
410 1208 533 1241 rixam
551 1209 621 1241 cies
643 1213 763 1241 ortum
787 1213 904 1250 putat,
928 1206 972 1240 de
990 1207 1181 1240 industria
1202 1207 1451 1251 inprudenter

123 1266 379 1310 interpretatus
413 1273 469 1300 est
503 1272 691 1310 tamquam
721 1275 933 1308 oxymoron,
966 1264 1070 1299 ‘with
1097 1276 1119 1298 a
1148 1264 1350 1299 deliberate
1381 1266 1448 1309 (or,

123 1323 351 1366 intentional)
386 1331 483 1358 want
518 1323 558 1357 of
586 1322 845 1366 forethought.’
898 1323 968 1356 Per
1002 1321 1099 1357 idem
1136 1334 1251 1366 genus
1287 1323 1448 1366 oxymori

125 1389 230 1426 putat
262 1381 400 1416 dictum
434 1381 455 1416 i.
489 1390 542 1426 15.
569 1391 589 1425 3
623 1382 685 1415 cui
715 1382 756 1417 in
796 1381 1069 1414 demoliendo
1109 1382 1248 1414 eximia
1281 1381 1449 1415 ciuitatis

122 1442 301 1474 seueritas
316 1444 352 1474 et
367 1440 496 1474 consul
513 1440 646 1484 Caepio
663 1439 828 1473 restitere
844 1451 852 1480 ;
878 1449 961 1472 cum
982 1438 1078 1473 enim
1103 1438 1269 1473 demoliri
1286 1439 1446 1483 plerum-

121 1509 192 1542 que
226 1498 271 1533 sit
304 1501 370 1533 τῶν
403 1499 670 1543 νεωτεριζόντων,
707 1496 811 1531 Cassi
845 1497 1031 1531 theatrum
1061 1496 1122 1542 qui
1155 1497 1449 1531 demoliebantur

122 1556 326 1591 seueritatis
349 1564 472 1601 partes
499 1567 563 1600 pro
589 1555 776 1600 republica
802 1566 1008 1599 suscepere.
1063 1556 1193 1599 Caepio
1218 1561 1354 1597 autern,
1372 1566 1446 1588 non

124 1615 257 1659 Scipio,
276 1615 542 1650 restituendum
566 1621 674 1659 putat
692 1612 831 1648 Velleio
847 1624 855 1655 ;
882 1624 968 1647 nam
987 1620 1023 1647 et
1049 1612 1303 1647 Murbacensis
1320 1613 1448 1647 habuit

125 1673 243 1717 Cepia,
277 1680 313 1708 et
340 1672 498 1717 Appiani
524 1671 670 1707 codices
698 1672 740 1706 B.
759 1672 799 1705 C.
824 1670 844 1706 i.
864 1672 919 1713 28,
946 1670 1007 1705 ubi
1033 1670 1163 1705 eadem
1190 1681 1247 1704 res
1267 1678 1448 1714 narratur,

121 1731 258 1764 κηιπίων
283 1732 340 1765 uel
365 1731 416 1765 καὶ
440 1730 524 1765 πίων
549 1730 720 1764 uidentur
745 1736 942 1774 praestare.
993 1730 1090 1763 Nam
1121 1736 1158 1763 ut
1189 1728 1247 1762 hic
1277 1728 1447 1773 Appiano

122 1789 312 1831 Velleium,
332 1788 382 1823 sic
399 1795 434 1823 et
453 1788 581 1823 Seruio
599 1787 684 1822 alibi
703 1795 738 1822 et
756 1786 922 1822 Vitruuio
946 1786 1153 1821 consentire
1171 1793 1299 1820 contra
1317 1786 1447 1830 uulgus

122 1853 335 1880 auctorum:
371 1846 498 1881 Seruio
528 1846 622 1889 (Ecl.
649 1858 682 1880 v.
712 1854 747 1880 11
777 1846 862 1879 illos
880 1847 987 1889 posse
1013 1846 1158 1878 uincere
1183 1855 1342 1888 quorum
1369 1845 1450 1877 dux

115 1905 273 1948 perisset
283 1912 300 1945 9,
316 1916 398 1938 cum
416 1904 602 1938 oraculum
618 1904 705 1938 illud
721 1903 890 1948 Pythium
908 1914 1066 1947 quorum
1085 1903 1166 1936 dux
1181 1903 1224 1936 ab
1241 1902 1342 1936 hoste
1359 1907 1450 1936 esset

123 1963 269 2004 occisus,
283 1973 340 1995 eos
347 1962 505 2006 futuros
517 1963 723 2006 superiores
735 1962 843 2004 (Vell.
858 1961 877 1996 i.
892 1971 923 1996 2.
939 1960 970 2005 1)
984 1960 1152 1995 uniuerse
1171 1959 1222 1994 sic
1239 1959 1446 1999 enuntiarit,

122 2031 193 2054 non
220 2020 266 2054 de
292 2031 363 2054 uno
389 2021 525 2063 Codro,
551 2028 590 2055 ut
613 2019 740 2064 reliqui
768 2019 858 2063 (Cic.
877 2020 986 2054 Tusc.
1013 2018 1032 2052 i.
1058 2019 1144 2062 1163
1179 2018 1261 2052 Val.
1288 2019 1386 2052 Max.
1414 2030 1446 2052 v.

123 2079 156 2113 6.
186 2088 199 2113 1
229 2079 334 2121 Ext.;
371 2079 458 2113 Iust.
488 2078 507 2114 i.
538 2088 570 2113 2.
597 2078 657 2120 6):
691 2077 868 2120 Vitruuio,
895 2089 978 2112 cum
1007 2078 1135 2111 Ionem
1160 2076 1292 2110 ducem
1323 2076 1447 2110 fecerit

122 2136 347 2171 coloniarum
371 2147 463 2181 quas
484 2136 730 2171 Athenienses
755 2135 790 2170 in
817 2135 958 2169 Ioniam
981 2134 1145 2169 miserint
1173 2134 1278 2177 (Vell.
1306 2133 1326 2168 i.
1349 2143 1382 2176 4.
1402 2144 1443 2177 33

122 2194 212 2229 Vitr.
232 2194 275 2228 iv.
296 2204 325 2229 1.
344 2193 415 2238 25),
437 2194 561 2239 reliqui
581 2194 749 2228 Codridis
768 2205 900 2228 munus
919 2193 953 2227 id
972 2192 1224 2227 adtribuerint.

169 2254 195 2286 6
215 2262 233 2295 3
262 2253 332 2286 Pro
356 2264 398 2286 eo
425 2253 522 2297 quod
546 2259 601 2286 est
621 2252 654 2286 in
673 2253 707 2286 Α
730 2253 803 2294 uir,
825 2250 1025 2285 Schoellius
1048 2250 1139 2284 coni.
1158 2252 1199 2284 in
1216 2262 1247 2284 ν.
1269 2249 1337 2294 (p.)
1357 2265 1390 2276 =
1410 2251 1445 2284 in

123 2322 199 2344 rem
218 2310 411 2355 publicam.

169 2370 191 2403 8
215 2379 228 2403 1
260 2369 348 2402 Post
376 2368 631 2412 Olympiorum
663 2367 866 2402 Schoellius
895 2366 1009 2402 credit
1044 2366 1219 2400 excidisse
1253 2366 1444 2410 Olympia—

122 2428 232 2462 dum:
275 2427 325 2461 sic
358 2426 526 2471 explicari
559 2431 638 2460 lum
674 2427 692 2469 ξ
720 2435 752 2469 3,
783 2433 818 2460 et
853 2436 945 2470 quae
973 2425 1072 2458 initio
1104 2426 1121 2466 ξ
1149 2434 1170 2465 4
1202 2430 1311 2464 stant,
1341 2429 1443 2458 sexta

123 2486 327 2530 olympiade
337 2488 424 2529 jwst
441 2493 537 2518 XXII
554 2495 670 2518 ‹1727205
688 2495 799 2528 quam
811 2485 942 2527 prima
961 2481 1312 2526 conssilutaficeral.

758 2557 814 2589 193
1232 2543 1278 2576 13
