1799 2864
645 217 1075 256 PROLEGOMENA

199 342 305 375 num,
328 336 369 367 ut
388 335 571 378 appareat
600 341 691 367 eum
711 328 751 366 in
781 328 1042 367 describendo
1063 327 1288 377 saepissime
1309 327 1520 366 haesitasse

197 399 385 448 quidnam
405 398 652 448 potissimum
673 398 829 448 eligeret
844 414 854 447 ,-
882 399 1066 437 nimirum
1083 398 1262 437 codicem
1278 398 1520 437 exscribebat

196 470 296 507 adeo
325 481 405 507 non
425 470 586 518 planum
611 476 652 507 ut
679 471 785 507 nulla
815 469 854 507 in
885 469 1027 519 pagina
1052 482 1133 507 non
1158 470 1386 515 offensurus,
1415 470 1522 506 nulla

196 552 275 576 non
305 538 562 577 haesitaturus
592 547 703 585 esset,
727 552 827 589 quae
856 539 1039 578 condicio
1060 546 1117 577 est
1137 552 1218 577 non
1239 538 1468 588 exemplaris
1498 552 1520 576 a

194 608 320 646 scriba
339 608 430 647 facti
456 609 681 656 recentiore,
705 611 774 648 sed
801 609 945 648 uetusti
972 608 1131 656 codicis,
1153 609 1193 647 in
1214 622 1293 658 quo
1323 609 1517 658 quaedam

194 679 353 716 madore
392 687 582 729 corrupta,
623 681 817 729 quaedam
855 693 955 718 aeuo
1000 679 1177 726 euanida,
1218 680 1413 729 quaedam
1451 692 1520 728 per

192 747 384 787 inscitiam
406 749 595 788 sermonis
618 749 745 788 Latini
766 750 919 788 turbata
938 763 983 787 ac
1004 751 1216 799 deprauata
1231 748 1516 787 descenderint.

192 819 298 857 Talis
320 819 571 858 Amerbachii
591 820 796 858 haesitatio
820 827 949 869 potest
969 833 1015 858 ea
1041 819 1201 869 quidem
1228 818 1519 857 adulescentiae

192 889 288 940 (erat
317 903 510 928 annorum
540 897 693 928 tantum
716 889 781 941 21)
802 889 984 939 imputari
999 905 1008 937 ,-
1042 890 1168 939 potuit
1198 897 1329 927 tamen
1359 903 1406 927 ex
1434 888 1519 938 ipsa

191 959 392 1009 diligentia
420 960 627 1009 prouenire
656 974 734 1010 qua
767 960 947 999 codicem
981 959 1239 1006 describebat,
1273 972 1363 997 cum
1396 960 1518 997 nollet

190 1030 240 1068 de
260 1030 390 1068 dubiis
420 1038 569 1068 certum
597 1044 637 1069 se
663 1030 845 1080 profiteri,
869 1037 1132 1080 statueretque
1162 1043 1241 1068 non
1271 1037 1351 1067 tam
1372 1042 1519 1067 correc-

190 1100 282 1138 toris
303 1100 411 1150 fungi
432 1100 560 1139 officio
582 1114 699 1150 quam
721 1100 940 1150 interpretis
961 1100 1027 1150 qui
1048 1114 1149 1150 quae
1169 1100 1209 1138 in
1236 1100 1374 1138 codice
1395 1108 1515 1146 erant,

189 1170 322 1208 omnia
342 1170 507 1209 fideliter
527 1178 564 1209 et
585 1171 825 1220 pensiculate
846 1178 1159 1221 repraesentaret.

244 1243 394 1290 Itaque,
435 1249 476 1279 ut
515 1255 740 1291 expromam
779 1243 887 1291 quod
925 1241 1062 1288 sentio,
1104 1255 1183 1279 non
1226 1242 1343 1279 credo
1382 1243 1517 1287 Amer-

190 1311 427 1349 bachianum
461 1314 715 1361 apographon
750 1313 858 1362 quod
890 1326 995 1350 nunc
1027 1319 1129 1350 extat
1162 1311 1203 1350 id
1237 1325 1321 1349 esse
1351 1312 1400 1349 de
1435 1324 1515 1360 quo

190 1383 406 1420 Rhenanus
437 1390 636 1432 tamquam
670 1386 942 1432 ‘properanter
971 1390 1088 1432 atque
1118 1382 1342 1420 infeliciter’
1370 1381 1514 1430 scripto

188 1451 358 1501 iniquius
380 1452 568 1490 iudicium
585 1453 722 1491 tulerit.
766 1453 903 1501 Quid?
932 1466 1012 1491 non
1026 1460 1063 1490 et
1079 1452 1143 1490 alii
1163 1460 1271 1490 erant
1288 1451 1430 1501 quibus
1451 1453 1515 1489 de-

188 1522 439 1560 scribendum
458 1523 761 1561 Murbacensem
780 1524 997 1561 Rhenanus
1019 1524 1242 1571 delegaret?
1292 1521 1428 1559 Multis
1450 1522 1514 1560 ille

186 1592 376 1641 cognitus,
396 1592 525 1630 multis
542 1592 743 1642 discipulis
760 1593 949 1630 utebatur.
997 1594 1082 1631 Nec
1099 1592 1130 1630 si
1146 1592 1342 1641 conspirat
1358 1599 1514 1641 tempus

185 1675 264 1711 quo
286 1662 571 1701 Amerbachius
600 1664 854 1712 apographon
884 1662 1054 1701 confecit
1075 1662 1216 1714 (aestas
1244 1661 1314 1699 fuit
1334 1676 1366 1699 a.
1396 1661 1512 1711 1516)

184 1746 274 1770 cum
296 1733 424 1771 uerbis
447 1733 640 1771 *Rhenani
660 1733 699 1771 in
730 1733 974 1772 Praefatione
994 1734 1045 1771 ad
1075 1732 1266 1771 Saxoniae
1295 1732 1512 1782 principem

187 1804 425 1842 Fridericum
453 1805 603 1854 scriptis
628 1813 736 1844 sexto
765 1807 860 1843 Idus
889 1805 1120 1844 Decembris
1141 1819 1172 1843 a.
1201 1817 1300 1854 1520
1320 1806 1511 1853 Equidem

184 1877 320 1913 abhinc
346 1889 466 1914 armos
495 1882 540 1913 ut
555 1882 654 1926 puto
676 1878 840 1925 quinque
859 1890 941 1914 cum
960 1877 1138 1926 primum
1162 1877 1263 1913 bunc
1286 1877 1327 1913 in
1348 1876 1512 1912 llsztrba-

183 1947 282 1983 censi
298 1947 511 1984 bibliotheca
533 1948 758 1996 reperissem,
780 1953 817 1984 et
833 1948 998 1984 uiderem
1023 1952 1102 1984 tam
1119 1947 1336 1996 prodzgriose
1361 1953 1513 1996 corrup-

183 2022 263 2053 tum
285 2022 330 2054 ut
346 2018 472 2054 omnia
493 2018 687 2054 restituere
708 2031 781 2055 non
790 2018 899 2066 foret
915 2018 1081 2054 lmmcmi
1097 2018 1248 2066 ingemi,
1256 2022 1514 2066 properanter

183 2101 227 2124 ac
248 2088 446 2136 iigfeliciter
463 2089 510 2125 ab
536 2089 654 2125 aozt'co
681 2090 843 2137 quodam
870 2089 1106 2137 descriptum,
1120 2089 1373 2137 premendam,
1388 2090 1511 2136 plane

182 2159 366 2195 censebam
387 2160 498 2195 donec
516 2160 680 2196 melioris
706 2160 810 2196 nobis
828 2160 957 2196 codz'a's
967 2159 1082 2208 fieret
1106 2159 1220 2206 copia,
1243 2171 1349 2206 quem
1377 2164 1510 2206 (ῑίίθρε-

182 2242 268 2265 ram
299 2229 434 2266 baberi
461 2230 682 2267 lisediolani
717 2231 914 2267 inuentum
953 2230 1041 2266 olim
1080 2243 1102 2265 a
1148 2229 1308 2277 Georgio
1336 2229 1507 2265 Allerula.

194 2300 328 2335 Verum
366 2301 456 2335 dum
483 2299 643 2347 frustra
682 2300 760 2336 iam
800 2301 889 2336 treis
921 2312 1043 2337 annos
1075 2304 1318 2347 expectamus,
1355 2299 1507 2335 interim

181 2370 413 2406 doctissimus
455 2371 608 2418 quisque
653 2383 790 2407 mecum
828 2371 1044 2418 expostulat
1055 2384 1065 2417 ,-
1114 2370 1221 2420 (nam
1268 2368 1318 2406 ab
1362 2375 1510 2406 aestate

181 2452 212 2476 a.
237 2442 335 2489 1516
357 2447 432 2477 tres
463 2447 552 2477 sunt
580 2440 673 2478 anni
692 2441 743 2478 ad
769 2447 955 2478 aestatem
985 2454 1017 2478 a.
1047 2451 1156 2490 1519,
1180 2452 1309 2488 neque
1333 2438 1400 2477 diu
1422 2446 1511 2488 post

822 2521 866 2540 XV
