1799 2864
448 225 506 262 IN
536 225 826 262 VELLEIVM
857 225 1237 264 PATERCVLVM

187 335 325 368 uideris
341 345 424 376 esse,
442 334 543 378 quod
561 337 597 366 et
621 334 734 366 honus
758 333 851 366 ciuis
875 336 910 365 et
934 333 1046 366 bonus
1063 335 1203 367 amicus
1219 345 1264 376 es,
1284 332 1372 366 nihil
1391 332 1506 366 adno-

186 392 277 425 tauit
314 390 481 431 Orellius,
519 390 584 424 sed
612 390 740 424 Cicero
770 391 971 423 distractus
1000 390 1059 423 uix
1089 397 1166 424 erat
1194 390 1367 425 dicturus.
1428 389 1508 423 Val.

190 450 287 483 Max.
316 449 386 483 viii.
412 458 443 490 7.
473 456 510 491 15
539 454 675 482 extem.
702 449 957 480 maximarum
991 459 1081 481 cura
1106 448 1306 490 districtus,
1336 446 1507 482 Halmius

187 513 288 541 notat
314 506 350 540 in
376 505 687 547 Vffindobonensi)
715 517 794 539 esse
820 505 1025 539 destrictus.
1092 506 1187 540 Flor.
1216 505 1262 540 iii.
1291 514 1320 549 5.
1349 513 1365 549 5
1394 506 1509 538 lassos

184 565 300 598 simul
315 567 424 606 atque
440 564 634 603 districtos,
653 563 695 596 cf.
715 573 735 604 4
754 574 835 596 cum
854 563 1026 597 ciuilibus
1043 563 1146 596 bellis
1162 563 1484 608 distringerentur.

235 620 526 655 Grammaticam
557 620 585 654 si
617 627 769 664 spectes,
803 620 948 665 saepius
978 620 1202 654 adiectiuum
1231 621 1270 654 fit
1295 621 1506 654 districtus:

187 681 292 714 Neue
305 679 355 723 (ii.
374 680 456 722 227)
472 680 584 713 semel
601 691 645 713 ex
664 679 738 714 Cic.
754 681 798 724 Q.
818 680 876 714 Fr.
897 679 931 714 ii.
954 688 991 723 15
1015 678 1102 723 (16).
1124 689 1136 713 Ι
1166 680 1380 721 districtior,
1396 680 1509 713 semel

185 737 480 771 dtktrz'ctissimus
509 748 550 770 ex
587 738 703 781 Impp.
730 738 875 772 Valent.
907 737 1089 771 Theodos.
1125 743 1159 771 et
1193 737 1326 771 Arcad.
1362 737 1452 771 Cod.
1488 737 1508 771 i.

187 803 240 838 55.
268 796 300 837 6,
327 802 515 839 praeterea
534 795 739 829 districtius
764 795 978 829 aduerbium
1001 795 1056 829 bis
1084 795 1250 838 (Tertull.
1277 793 1507 838 Hieronym.)

186 852 331 887 citauit:
359 859 484 886 contra
501 853 716 887 distractior
738 853 836 897 apud
864 852 1072 886 Lucretium
1093 858 1247 895 tantum,
1269 852 1377 896 idque
1397 852 1509 885 semel

188 910 248 954 (iv,
276 911 371 954 958),
397 911 702 944 distraetissimus
726 909 871 944 nonnisi
897 922 939 944 ex
966 910 1044 954 ipso
1072 909 1262 944 Velleiano
1289 910 1368 943 loco
1401 920 1509 954 quem

187 968 378 1012 tangimus.

237 1027 376 1070 Itaque,
396 1025 465 1060 nisi
485 1025 614 1059 melior
635 1026 748 1059 codex
767 1025 950 1070 prodierit,
970 1026 1275 1059 distractissimus
1298 1036 1344 1059 an
1363 1025 1510 1058 distric-

188 1085 353 1117 tissimus
372 1085 580 1118 Paterculus
600 1084 767 1118 maluerit
795 1084 829 1117 in
855 1083 993 1118 incerto
1019 1083 1085 1118 erit
1103 1097 1109 1118 1
1137 1084 1274 1117 habent
1293 1090 1416 1117 tamen
1436 1094 1509 1128 quo

189 1141 357 1175 differant
375 1154 381 1184 ;
402 1142 700 1176 dzktrz'ctz'ssimus
713 1141 810 1176 enim
826 1142 920 1175 adeo
932 1141 1021 1175 nihil
1038 1141 1237 1186 principale
1253 1141 1287 1175 in
1304 1141 1511 1185 significatu

189 1199 319 1233 retinet
347 1206 384 1233 ut
414 1199 488 1233 fere
520 1199 617 1233 idem
643 1199 688 1234 sit
715 1199 812 1244 quod
839 1198 1165 1243 occupatissimus;
1207 1199 1512 1232 dzlttractissimus

189 1257 446 1301 metaphoram
464 1268 536 1290 non
563 1256 670 1297 exuit,
690 1263 725 1291 et
744 1256 858 1290 multo
877 1255 1012 1290 maiore
1037 1267 1118 1289 cum
1138 1255 1172 1289 ui
1192 1255 1236 1290 de
1256 1267 1298 1289 eo
1318 1261 1513 1300 usurpatur

190 1314 249 1359 qui
274 1313 432 1358 negotiis
452 1313 571 1348 omnis
596 1313 741 1357 generis
769 1313 961 1347 distinetur
979 1320 1013 1347 et
1033 1312 1135 1357 quasi
1155 1312 1379 1347 distrahitur.

238 1381 336 1415 1143
364 1383 436 1405 non
477 1370 710 1415 sequentibus
749 1370 982 1414 disciplinam
1018 1377 1198 1415 quatenus
1234 1371 1400 1414 exemplo
1438 1382 1511 1404 non

190 1430 392 1463 nocebatur
414 1429 550 1473 ignouit
577 1429 779 1463 admonitio
806 1429 978 1473 frequens
1006 1428 1122 1463 inerat
1149 1435 1184 1463 et
1213 1428 1405 1472 castigatio
1433 1428 1512 1462 uin-

191 1488 289 1521 dicta
307 1487 549 1522 amarissima.
567 1488 615 1522 A.

240 1546 311 1580 His
350 1545 507 1580 Kritzius
534 1545 585 1580 sic
612 1545 799 1589 suppetias
829 1544 893 1579 iuit
928 1551 966 1578 ut
992 1545 1153 1579 admisso
1179 1545 1278 1590 quod
1306 1556 1513 1588 anonymus

192 1604 342 1648 quidam
373 1603 579 1637 coniecerat
611 1614 709 1636 anno
744 1611 831 1645 1779
865 1602 1053 1636 interdum
1081 1614 1146 1646 pro
1176 1604 1310 1644 inerat,
1345 1609 1379 1636 et
1413 1602 1511 1646 quod

193 1663 405 1704 Rhenanus,
435 1662 633 1695 rarissima
667 1672 733 1705 pro
766 1662 1017 1701 amarissimm,
1047 1661 1279 1694 Paterculum
1314 1661 1383 1694 hoc
1413 1666 1514 1704 putet

192 1719 362 1761 uoluisse,
390 1719 580 1753 Tiberium
605 1718 653 1752 ad
680 1719 856 1752 tuendam
883 1718 1113 1762 disciplinam
1140 1717 1354 1762 saepissime
1384 1718 1515 1760 uerbis,

192 1777 377 1812 rarissime
400 1780 521 1821 poena
551 1788 656 1810 usum
683 1787 773 1810 esse.
833 1777 965 1820 Neque
1000 1775 1134 1809 infitior
1159 1776 1344 1809 intem'mn
1377 1775 1514 1820 optime

193 1834 388 1869 conuenire
407 1834 459 1868 eis
477 1845 570 1878 quae
588 1833 749 1867 Velleius
771 1833 821 1868 sic
846 1833 1050 1877 significare
1072 1833 1259 1875 credatur3
1288 1833 1352 1867 sed
1371 1833 1514 1877 longius

193 1893 327 1926 absunt
345 1891 497 1926 litterae.
545 1891 644 1934 Quid
670 1891 768 1935 quod
794 1890 985 1935 oppositae
1004 1890 1187 1925 clausulae
1201 1890 1270 1925 tria
1288 1890 1516 1925 adiectiua

196 1949 366 1983 uidentur
383 1949 592 1992 postulare?
620 1948 717 1993 quod
738 1947 765 1981 si
784 1955 883 1982 recte
910 1947 1052 1992 colligo,
1071 1949 1195 1981 inerat
1219 1959 1262 1982 ex
1280 1949 1418 1981 incerta
1437 1960 1513 1982 cor-

195 2007 313 2051 rumpi
341 2006 467 2050 potuit.
518 2006 572 2039 Et
597 2005 648 2040 sic
675 2005 889 2050 intelleges:
925 2017 998 2040 non
1026 2006 1143 2040 solum
1170 2006 1356 2050 suppliciis
1382 2006 1515 2041 milites

194 2065 377 2099 afficiebat
392 2064 536 2106 inuitus,
550 2065 614 2099 sed
633 2076 679 2098 ne
698 2064 818 2099 uerbis
839 2064 986 2109 quidem
1001 2065 1162 2099 seuerius
1175 2065 1396 2108 increpabat.
1433 2065 1516 2099 ‘He

197 2123 343 2157 warned
367 2122 424 2155 his
450 2122 602 2156 soldiers
624 2122 733 2164 often,
761 2122 942 2166 punished
967 2133 1053 2165 very
1079 2122 1219 2156 seldom
1246 2121 1388 2163 indeed,
1422 2133 1515 2156 even

196 2181 371 2225 reproved
396 2181 481 2224 only
498 2192 579 2214 now
597 2180 666 2215 and
688 2180 799 2215 then.9

244 2250 306 2283 114
325 2249 344 2282 3
371 2239 576 2283 agebatque
600 2238 763 2273 medium
793 2237 949 2283 plurima
979 2238 1242 2272 dissimulantis
1273 2238 1394 2283 aliqua
1424 2238 1515 2272 inhi-

196 2296 317 2331 bentis
335 2297 385 2331 A.

243 2355 366 2399 aliqua
382 2356 426 2388 P.

244 2413 410 2457 aliquam
429 2412 528 2457 quod
554 2418 609 2446 est
628 2411 663 2445 in
681 2411 716 2446 Α
737 2418 855 2446 ortum
882 2411 991 2445 credo
1014 2423 1057 2445 ex
1083 2410 1329 2456 dittographia
1355 2411 1516 2455 quadam

199 2482 271 2517 qua
296 2473 335 2506 in
362 2471 553 2505 confusum
572 2481 654 2505 cum
679 2482 714 2504 m
740 2470 865 2505 fuerat.
918 2470 1070 2504 Locutio
1096 2469 1223 2504 similis
1250 2469 1349 2514 apud
1368 2470 1516 2504 Florum

832 2535 887 2566 181
