1799 2864
664 200 869 238 VELLEI
899 201 1217 240 PATERCVLI

286 309 671 359 magnificentissimo
701 324 862 350 munere
891 312 1098 350 aedilitatis
1136 312 1243 351 edito
1273 312 1440 351 decessit
1473 313 1607 352 admo-

285 379 380 417 dum
401 378 565 425 iuuenis,
588 392 692 425 sane,
715 386 756 417 ut
776 379 895 425 aiunt,
918 379 1174 429 ingenuarum
1196 379 1381 417 uirtutum
1404 381 1607 430 laetusque

249 455 264 475 2
284 443 405 482 animi
425 451 462 482 et
483 444 612 493 ingeni
634 445 900 493 fortunaeque,
923 444 962 482 in
983 458 1101 494 quam
1121 445 1306 491 alebatur,
1329 458 1460 494 capax.
1519 453 1608 494 post

285 508 395 547 cuius
416 508 567 547 obitum
589 509 771 558 Agrippa,
795 509 861 558 qui
889 509 961 546 sub
988 509 1118 558 specie
1143 509 1444 548 ministeriorum
1471 509 1610 559 princi-

285 574 431 624 palium
465 575 661 623 profectus
696 573 734 610 in
769 573 915 619 Asiam,
949 581 991 610 ut
1025 575 1128 611 fama
1165 574 1346 623 loquitur,
1382 574 1434 612 ob
1473 574 1608 612 tacitas
1630 593 1645 622 5

286 652 376 677 cum
403 640 591 676 Marcello
616 637 851 675 offensiones
881 637 1073 686 praesenti
1101 651 1142 675 se
1166 638 1403 677 subduxerat
1428 638 1606 688 tempori,

285 718 462 743 reuersus
492 704 584 741 inde
614 703 732 740 filiam
761 702 937 742 Caesaris
966 703 1118 750 Iuliam,
1141 716 1258 753 quarn
1290 703 1329 741 in
1359 703 1608 742 matrimonio

288 771 497 807 Marcellus
542 768 741 814 habuerat,
782 767 891 805 duxit
932 781 1103 815 uxorem,
1144 768 1329 806 feminam
1369 782 1497 819 neque
1536 769 1608 807 sibi

287 848 416 884 neque
445 833 497 872 rei
528 833 708 882 publicae
737 832 859 870 felicis
888 832 996 870 uteri.

208 907 267 944 94
342 902 435 937 Hoc
465 906 587 936 tractu
617 906 838 946 temporum
868 897 926 934 Ti.
951 897 1140 936 Claudius
1171 899 1288 944 Nero,
1311 911 1390 947 quo
1419 898 1545 944 trimo,
1568 905 1610 935 ut

287 966 560 1017 praediximus,
588 964 711 1010 Liuia,
742 963 859 1002 Drusi
890 963 1098 1003 Claudiani
1127 963 1216 1010 filia,
1245 965 1518 1013 despondente
1547 964 1607 1002 Ti.

252 1049 266 1070 2
289 1034 458 1077 Nerone,
481 1030 544 1068 cui
573 1037 663 1067 ante
693 1036 815 1078 nupta
843 1030 977 1075 fuerat,
1001 1028 1158 1068 Caesari
1185 1037 1379 1077 nupserat,
1401 1028 1610 1066 innutritus

287 1095 512 1135 caelestium
539 1102 836 1144 praeceptorum
866 1093 1092 1143 disciplinis,
1121 1093 1274 1131 iuuenis
1300 1107 1452 1143 genere,
1475 1096 1609 1141 forma,

287 1160 519 1199 celsitudine
557 1158 741 1208 corporis,
782 1157 940 1207 optimis
979 1158 1116 1196 studiis
1161 1158 1411 1208 maximoque
1454 1158 1612 1208 ingenio

247 1238 264 1268 3
287 1225 618 1271 instructissimus,
652 1224 719 1274 qui
752 1223 929 1273 protinus
959 1230 1128 1272 quantus
1162 1231 1230 1269 est,
1263 1223 1406 1272 sperari
1434 1231 1613 1272 potuerat

287 1291 454 1341 uisuque
500 1291 732 1340 praetulerat
779 1288 1007 1338 principem,
1048 1296 1231 1338 quaestor
1272 1288 1613 1326 undeuicesimum

288 1369 436 1394 annum
460 1368 579 1405 agens
606 1367 808 1404 capessere
835 1353 964 1402 coepit
990 1366 1072 1391 rem
1098 1353 1297 1402 publicam
1325 1352 1614 1402 maximamque

288 1422 557 1460 difficultatem
577 1433 759 1458 annonae
778 1433 824 1458 ac
847 1419 901 1457 rei
921 1418 1194 1456 frumentariae
1214 1418 1388 1468 inopiam
1408 1418 1461 1456 ita
1482 1418 1616 1457 Ostiae

288 1494 406 1536 atque
440 1486 480 1523 in
514 1486 609 1523 urbe
641 1486 829 1523 mandatu
863 1483 989 1522 uitrici
1027 1484 1252 1521 moderatus
1286 1491 1355 1530 est,
1388 1491 1430 1520 ut
1463 1496 1531 1532 per
1561 1482 1613 1529 id,

249 1565 267 1592 4
289 1552 398 1601 quod
425 1551 576 1601 agebat,
599 1558 767 1600 quantus
798 1562 983 1588 euasurus
1013 1556 1125 1594 esset,
1151 1549 1330 1586 eluceret.
1390 1561 1463 1586 nec
1492 1548 1616 1585 multo

290 1625 379 1667 post
412 1617 553 1654 missus
587 1616 636 1653 ab
669 1616 810 1653 eodem
844 1614 982 1652 uitrico
1021 1627 1111 1652 cum
1145 1613 1314 1651 exercitu
1348 1614 1399 1651 ad
1432 1613 1616 1651 uisendas

291 1683 619 1731 ordinandasque,
656 1694 756 1730 quae
795 1681 868 1718 sub
903 1679 1064 1718 Oriente
1102 1687 1203 1725 sunt,
1239 1678 1471 1728 prouincias,
1512 1692 1618 1728 prae-

291 1749 415 1799 cipuis
450 1748 627 1787 omnium
662 1748 849 1785 uirtutum
883 1745 1157 1796 experimentis
1188 1745 1228 1782 in
1259 1758 1307 1783 eo
1336 1752 1460 1782 tractu
1490 1743 1614 1790 editis,

291 1828 382 1853 cum
412 1814 631 1864 legionibus
658 1813 852 1863 ingressus
873 1812 1112 1859 Armeniam,
1134 1812 1291 1849 redacta
1320 1824 1366 1848 ea
1388 1810 1428 1848 in
1452 1818 1620 1860 potesta-

336 1928 355 1948 2
379 1922 415 1947 ut
432 1918 524 1947 aiunt
549 1917 616 1955 ing.
642 1915 731 1946 BA:
765 1916 832 1954 ing.
861 1920 897 1945 ut
920 1915 1013 1945 aiunt
1035 1914 1070 1944 P
1197 1924 1217 1952 3
1241 1913 1387 1951 ingentis
1409 1912 1564 1942 fortunae
1586 1911 1619 1941 in

292 1972 392 2000 quarn
410 1961 449 1991 al.
465 1971 568 2000 capax
588 1959 736 1990 Scriner:
761 1959 887 1998 ingenii
899 1958 970 1988 ΑΡ
1067 1959 1086 1987 8
1110 1957 1255 1988 foemina
1272 1956 1304 1985 A
1396 1966 1416 1995 9
1440 1956 1568 1985 foelicis
1583 1955 1616 1985 A

296 2015 334 2035 10
345 2005 413 2045 Ti.]
425 2005 461 2035 T.
475 2004 527 2035 P:
543 2004 571 2034 T
581 2003 614 2033 A
666 2003 764 2033 trimo
777 2002 911 2032 Aldus:
929 2002 1036 2042 primo
1047 2001 1118 2031 ΑΡ
1198 2010 1211 2030 1
1221 2010 1234 2030 1
1262 2000 1499 2039 despondente
1512 1999 1620 2029 Gelen-

777 2045 811 2071 Ti

295 2083 356 2117 ius,
368 2082 405 2120 cs.
422 2092 471 2120 79.
485 2091 504 2110 2
519 2092 526 2111 ς
551 2091 640 2119 resp.
652 2079 723 2109 ΑΡ
824 2080 962 2109 Nerone
974 2078 1008 2108 A
1023 2090 1029 2110 ε
1056 2078 1193 2108 Nerone
1204 2076 1242 2117 P,
1256 2076 1312 2106 scd
1325 2076 1449 2106 Burer‘
1461 2075 1625 2115 exemplar

297 2129 357 2156 uet.
377 2125 506 2154 uidetur
518 2124 630 2154 habere
644 2124 873 2162 respondente
891 2124 921 2152 ei
940 2122 1096 2153 Nerone'
1193 2122 1232 2150 16
1256 2121 1398 2159 uisuque
1415 2119 1622 2159 praetulerat

301 2168 458 2198 Vrsinus:
483 2168 640 2206 uisusque
658 2167 845 2206 praetulerit
861 2166 932 2196 ΑΡ
1070 2175 1106 2204 17
1131 2174 1310 2203 capessere
1326 2163 1417 2193 AB:
1441 2172 1622 2202 capescere

295 2211 330 2241 P
418 2212 456 2241 18
479 2222 517 2242 ac
535 2211 613 2242 reis.
633 2210 780 2249 inopiam
800 2214 835 2239 ut
850 2210 1040 2250 interpolata
1051 2209 1107 2239 del.
1125 2208 1321 2238 Comelsssen
1389 2206 1507 2236 Ostiae
1521 2210 1621 2244 atque

296 2255 501 2286 Rhenanus:
534 2255 629 2285 Ostia
647 2259 786 2292 eratque
804 2253 876 2283 ΑΡ
1006 2263 1046 2291 19
1068 2252 1226 2282 mandatu
1247 2250 1365 2281 Orelli:
1389 2250 1547 2280 mandatu
1563 2248 1596 2278 A
1615 2259 1622 2278 :

297 2299 454 2329 mandato
471 2298 504 2328 P
589 2298 718 2328 uictrici
742 2301 770 2326 ct
786 2297 889 2336 paulo
908 2300 982 2336 post
1005 2296 1142 2326 uictrico
1158 2294 1230 2324 ΑΡ
1357 2303 1398 2323 22
1423 2303 1488 2332 que
1505 2303 1569 2322 om.
1586 2292 1620 2322 A

297 2353 338 2381 23
363 2343 516 2372 omnibus
552 2341 586 2371 A
743 2345 851 2370 tractu
891 2340 1037 2371 Gelenius
1051 2351 1059 2370 :
1106 2343 1250 2368 tractatu
1288 2336 1364 2377 ΑΡ,
1405 2336 1493 2376 quod
1520 2335 1625 2376 recepit

297 2386 392 2416 Kritz
409 2390 582 2425 tamquam
598 2385 785 2426 signficari!
801 2384 834 2414 in
852 2384 926 2414 eius
942 2383 991 2413 rei
1009 2382 1209 2413 tractatione

933 2506 993 2538 106

1635 910 1671 931 10

1637 1561 1676 1582 20
