1799 2864
747 197 1177 236 PROLEGOMENA

307 307 489 356 Epistulis
516 307 587 345 fuit
607 307 768 357 eiusque
789 308 1018 358 conscripsit
1039 308 1170 355 uitam,
1192 322 1215 346 a
1237 309 1387 348 Velleio
1412 309 1624 359 sumpsisse

302 378 490 416 imitanda
510 378 803 417 demonstrauit.
862 381 982 417 Nono
1006 378 1120 428 igitur
1143 381 1299 417 saeculo
1319 387 1407 429 post
1424 379 1623 420 Christum

303 456 435 485 natum
475 449 629 486 extabat
663 448 759 486 liber
790 448 1075 498 manuscriptus
1110 448 1355 487 historiarum
1387 449 1523 496 Vellei,
1557 450 1623 499 qui

303 519 502 556 Fuldaene
521 532 571 556 an
591 518 682 556 alibi
704 518 816 556 fuerit
836 519 1077 568 exploratum
1100 531 1179 556 non
1200 527 1267 556 est.

355 590 471 626 Sexto
518 588 674 627 decimo
725 588 896 638 denique
949 589 1105 626 saeculo
1157 587 1340 626 inuentus
1388 597 1445 627 est
1499 591 1624 628 codex

300 662 573 708 llsurbacensis,
597 669 634 699 et
655 661 814 710 quidem
835 675 940 699 anno
966 674 1074 711 1515.
1125 662 1189 700 Sic
1209 661 1312 700 enirn
1335 663 1384 700 de
1405 676 1452 700 eo
1473 662 1625 713 scripsit

302 732 444 768 Beatus
476 732 691 769 Rhenanus
721 730 787 780 qui
817 731 963 780 primus
994 731 1189 770 Velleium
1220 731 1343 770 edidit
1371 745 1476 770 anno
1511 746 1620 782 1520.

299 802 490 849 Equidem
519 802 657 839 abhinc
686 813 808 838 annos
838 807 883 838 nt
898 807 998 850 puto
1026 803 1191 850 quinque
1218 815 1300 839 cum
1320 803 1498 850 primum
1527 803 1628 840 hunc

299 872 340 909 in
369 873 619 909 Asurbacensi
651 872 866 909 bibliotheca
898 873 1123 921 reperissem,
1157 878 1194 909 et
1225 873 1389 909 uiderem
1425 877 1504 909 tam
1533 880 1625 922 pro-

298 943 434 991 dlgiose
475 947 693 991 corruptum
732 948 777 979 zet
818 943 947 979 omnia
985 944 1180 980 restituere
1218 956 1292 980 non
1319 942 1428 991 foret
1462 944 1630 981 humaui

299 1014 450 1062 ingenii,
472 1018 731 1062 properanter
758 1026 802 1050 ac
827 1013 1028 1061 2'74fhliciter
1053 1014 1100 1050 ab
1129 1014 1247 1050 amico
1276 1014 1438 1061 quedam
1468 1015 1625 1063 descrip-

299 1090 388 1131 tum,
403 1085 654 1134 premendum
673 1085 795 1133 plane
823 1084 1009 1120 censebam
1037 1085 1149 1120 donec
1177 1084 1341 1121 melioris
1366 1085 1469 1121 nobis
1493 1086 1624 1122 codicis

285 1154 402 1202 fieret
418 1155 531 1203 copia,
553 1167 660 1202 quem
686 1160 893 1202 acceperam
918 1153 1053 1190 haberi
1074 1154 1291 1190 Medzblani
1311 1154 1508 1190 inuentum
1532 1155 1620 1191 olim

297 1237 320 1260 a
347 1225 506 1272 Georgio
525 1224 695 1260 Merula.
756 1224 825 1260 Est
845 1230 976 1260 autern
1000 1222 1278 1260 Murbachium
1305 1222 1415 1261 uicus
1436 1223 1618 1270 Alsatiae,

298 1296 498 1333 Gallorum
539 1302 576 1331 et
612 1292 888 1331 Heluetiorum
922 1293 961 1330 in
1005 1293 1200 1331 confinio:
1249 1293 1527 1331 monasterium
1568 1294 1621 1332 ibi

296 1366 366 1404 fuit
386 1374 423 1404 et
446 1366 683 1404 bibliotheca
704 1364 1051 1403 Benedictinorum
1075 1365 1126 1403 ab
1151 1365 1314 1415 antiquo
1335 1365 1411 1403 iam
1433 1373 1619 1415 tempore,

297 1451 536 1487 quamquam
566 1436 605 1474 in
635 1435 819 1486 catalogis
849 1436 1005 1474 duobus
1035 1436 1218 1474 codicum
1254 1435 1618 1486 manuscriptorum,

297 1508 362 1558 qui
392 1509 548 1546 saeculo
575 1521 622 1545 xv
646 1506 685 1544 in
715 1520 761 1545 ea
790 1515 908 1553 erant,
932 1506 1045 1544 editis
1075 1520 1199 1556 nuper
1218 1520 1240 1544 a
1260 1506 1451 1545 Zarnckio
1477 1506 1622 1558 (Philo-

297 1578 372 1628 logi
402 1591 433 1615 a.
463 1580 572 1627 1890,
604 1590 667 1626 pp.
692 1579 767 1614 616
789 1576 891 1625 sqq.)
928 1589 1122 1625 nusquam
1158 1576 1345 1614 memoria
1375 1577 1530 1626 prodita
1563 1586 1621 1615 est

296 1648 431 1687 Vellei.
492 1649 622 1687 Credo
652 1655 741 1697 post
764 1646 927 1696 scriptos
957 1648 1118 1685 demum
1146 1648 1343 1696 catalogos
1364 1647 1489 1685 Vellei
1518 1647 1621 1685 codi-

297 1732 382 1756 cem
412 1717 451 1755 in
482 1719 609 1755 lucem
640 1716 795 1755 uenisse
810 1731 820 1764 ,-
853 1716 971 1754 fuisse
1001 1716 1105 1754 enim
1136 1716 1175 1753 in
1210 1716 1458 1754 monasterii¹
1486 1717 1622 1755 biblio-

297 1789 420 1834 theca,
444 1801 523 1825 non
545 1786 584 1824 in
604 1786 679 1824 alia
705 1786 889 1836 quapiam
917 1786 1181 1833 Murbacensh
1204 1786 1275 1824 etsi
1301 1788 1518 1824 Rhenanus
1539 1800 1619 1824 non

296 1859 350 1897 sic
371 1866 532 1896 testatus
553 1866 610 1896 est
625 1842 669 1894 'in
697 1856 870 1895 editione
890 1856 1076 1906 principe,
1099 1870 1146 1894 eo
1171 1858 1212 1894 fit
1239 1870 1333 1895 uero
1354 1856 1490 1904 simile,
1513 1859 1620 1906 quod

297 1942 369 1967 nec
389 1928 544 1966 alterius
565 1927 618 1965 ibi
647 1926 908 1965 bibliothecae
930 1928 1033 1964 fama
1053 1926 1233 1973 innotuit,
1256 1940 1340 1973 nec,
1363 1927 1395 1965 si
1418 1928 1468 1965 ab
1492 1926 1622 1965 huius-

297 1999 405 2038 modi
435 1998 674 2037 bibliotheca
703 1997 948 2047 prouenisset
978 1999 1102 2036 codex
1132 1997 1268 2044 Vellei,
1298 2011 1378 2036 non
1409 1997 1449 2036 id
1478 1997 1620 2036 diserte

298 2072 514 2108 Rhenanus
535 2077 819 2107 memoraturus
840 2068 920 2106 fuit.

352 2141 489 2179 Codex
524 2138 797 2177 Murbacensis
827 2138 952 2188 qualis
986 2132 1102 2176 fuerit
1129 2138 1264 2176 docuit
1296 2151 1368 2176 nos
1404 2139 1621 2176 Rhenanus

296 2211 334 2248 in
360 2210 600 2260 postscriptis
625 2223 725 2259 quae
746 2209 905 2248 ultimae
926 2209 1090 2259 paginae
1111 2210 1170 2247 ed.
1196 2211 1254 2247 Pr.
1277 2209 1430 2247 adiecit.
1480 2210 1619 2247 Ausim

295 2282 426 2318 iurare
454 2294 536 2318 eum
565 2281 634 2329 qui
663 2281 772 2318 illum
807 2279 918 2331 (Cod.
949 2279 1254 2330 Murbacensem)
1286 2281 1540 2330 descripserat,
1578 2293 1622 2318 ne

339 2383 347 2400 ¹
375 2382 426 2412 De
441 2382 644 2413 monasterio
659 2381 873 2412 Murbacensi
888 2381 1008 2412 librum
1022 2382 1103 2412 satis
1113 2382 1275 2420 grandem
1292 2382 1424 2422 scripsit
1437 2382 1478 2413 A.
1492 2382 1619 2421 Gatrio,

296 2434 356 2464 Die
372 2434 468 2464 Abtei
481 2433 637 2465 Murbaclt
656 2434 687 2463 in
704 2433 830 2465 Elsass.
879 2434 1062 2473 strasburg
1078 2434 1096 2465 i.
1118 2434 1187 2465 Els.
1208 2434 1300 2473 1895.

928 2498 985 2518 vm
