1799 2864
642 220 848 259 VELLEI
878 220 1197 259 PATERCVLI

209 342 237 379 9
311 361 319 368 .
352 361 359 368 .
393 361 399 368 .
433 343 552 380 quam
581 329 762 368 timuerat
791 328 925 376 hostis,
957 328 1111 378 expetit.
1171 341 1262 367 nam
1291 327 1454 366 biennio
1482 329 1583 366 adeo

258 394 364 433 uaria
403 395 559 433 fortuna
597 408 689 433 cum
729 393 957 432 consulibus
997 393 1233 440 conflixerat,
1273 401 1315 431 ut
1352 394 1584 443 plerumque

259 459 434 509 superior
462 460 561 498 foret
590 471 854 508 magnamque
882 465 1032 507 partem
1065 458 1252 496 Graeciae
1281 458 1320 496 in
1355 458 1582 496 societatem

222 540 236 561 2
258 537 370 563 suam
403 525 643 573 perduceret.
713 522 809 572 quin
843 521 993 560 Rhodii
1024 535 1194 572 quoque,
1225 523 1441 561 fidelissimi
1470 531 1585 561 antea

260 589 464 636 Romanis,
505 596 589 627 turn
627 587 749 626 dubia
789 588 868 625 fide
909 587 1099 636 speculati
1143 589 1339 626 fortunam
1383 588 1585 638 proniores
1606 605 1622 635 5

258 654 358 704 regis
394 654 570 704 partibus
608 652 728 691 fuisse
765 651 839 690 uisi
878 658 993 699 sunt3
1035 658 1073 689 et
1110 665 1176 690 rex
1214 654 1413 691 Eumenes
1455 653 1495 691 in
1538 667 1585 691 eo

260 720 364 757 bello
398 718 552 756 medius
583 717 656 755 fuit
686 716 831 764 animo,
862 729 992 765 neque
1023 716 1147 754 fratris
1180 716 1300 755 initiis
1334 731 1464 767 neque
1493 731 1585 756 suae
1650 741 1653 743 -

222 800 240 830 3
259 783 461 834 respondit
481 781 770 821 consuetudini.
828 788 912 820 tum
933 788 1091 820 senatus
1111 783 1360 831 populusque
1382 784 1586 821 Romanus

260 851 303 887 L.
320 848 534 887 Aemilium
550 849 728 894 Paulum,
747 846 815 897 qui
834 854 873 885 et
891 854 1046 897 praetor
1061 854 1099 885 et
1114 848 1253 885 consul
1268 847 1585 897 triumphauerat,

259 914 388 953 uirum
418 914 459 952 in
493 921 647 952 tantum
680 914 936 959 laudandum,
961 912 1002 950 in
1036 920 1228 962 quantum
1262 913 1435 963 intellegi
1465 914 1587 952 uirtus
1611 929 1648 950 10

261 987 402 1029 potest,
426 977 648 1031 [consulem
669 976 845 1030 creauit‚]
867 977 991 1015 filium
1012 977 1095 1016 eius
1116 977 1238 1025 Pauli,
1261 978 1328 1028 qui
1348 980 1399 1017 ad
1429 980 1586 1018 Cannas

261 1057 381 1094 quam
428 1043 726 1093 tergiuersanter
776 1042 1039 1092 perniciosam
1085 1042 1140 1081 rei
1186 1043 1368 1092 publicae
1415 1056 1586 1093 pugnam

222 1128 241 1157 4
260 1109 408 1156 inierat,
440 1116 521 1147 tam
550 1108 698 1147 fortiter
723 1107 763 1146 in
795 1121 842 1146 ea
869 1115 1037 1146 mortem
1068 1107 1227 1146 obierat.
1286 1108 1318 1147 is
1348 1111 1506 1147 Persam
1536 1109 1590 1146 in—

261 1174 368 1224 genti
395 1174 546 1224 proelio
575 1175 682 1224 apud
710 1174 848 1212 urbem
878 1173 1040 1212 nomine
1071 1175 1249 1223 Pydnam
1279 1173 1320 1212 in
1351 1175 1589 1213 Macedonia

262 1241 393 1278 fusum
413 1240 671 1289 fugatumque
697 1238 831 1277 castris
855 1238 960 1276 exuit
985 1238 1202 1288 deletisque
1229 1239 1312 1278 eius
1333 1240 1456 1289 copiis
1476 1240 1591 1278 desti·
1613 1253 1648 1284 15

263 1311 391 1341 tutum
421 1303 531 1341 omni
560 1316 629 1352 spe
658 1302 786 1352 coegit
815 1315 836 1341 e
867 1302 1107 1341 Macedonia
1134 1304 1350 1353 profugere,
1379 1317 1497 1354 quam
1527 1305 1591 1343 ille

263 1368 446 1418 linquens
479 1368 519 1406 in
558 1368 727 1406 insulam
761 1367 1072 1406 Samothraciam
1101 1368 1268 1418 perfugit
1301 1369 1516 1419 templique
1551 1384 1591 1408 se

262 1432 439 1482 religioni
460 1432 679 1482 supplicem
700 1431 876 1470 credidit.
934 1432 986 1470 ad
1006 1445 1097 1470 eum
1119 1433 1190 1471 Cn.
1215 1432 1405 1471 Octauius
1425 1441 1589 1482 praetor,

262 1497 330 1548 qui
357 1497 471 1536 classi
498 1503 684 1546 praeerat,
706 1495 885 1546 peruenit
912 1503 950 1534 et
977 1496 1128 1535 ratione
1157 1497 1279 1546 magis
1303 1511 1422 1547 quam
1449 1498 1487 1536 ui
1512 1511 1593 1547 per-

226 1577 242 1607 5
263 1560 394 1608 suasit,
428 1567 471 1598 ut
504 1573 546 1598 se
577 1561 852 1598 Romanorum
886 1559 978 1598 fidei
1012 1560 1284 1599 committeret.
1356 1561 1409 1599 ita
1448 1563 1591 1600 Paulus
1614 1575 1652 1596 20

264 1624 479 1662 maximum
499 1623 870 1673 nobilissimumque
895 1636 1026 1673 regem
1053 1624 1093 1662 in
1113 1624 1313 1675 triumpho
1334 1625 1452 1664 duxit.
1513 1640 1592 1675 quo

264 1701 370 1727 anno
397 1695 435 1726 et
462 1687 606 1727 Octaui
632 1687 782 1726 naualis
806 1688 994 1737 praetoris
1021 1695 1059 1726 et
1079 1688 1196 1727 Anici
1219 1702 1349 1739 regem
1372 1690 1590 1740 Illyriorum

267 1751 457 1789 Gentium
486 1758 578 1789 ante
607 1764 763 1789 currum
792 1751 1029 1801 †agentium
1056 1751 1245 1802 triumphi
1269 1754 1377 1792 fuere
1406 1755 1589 1792 celebres,

227 1818 246 1849 6
267 1830 385 1867 quam
413 1816 461 1855 sit
487 1816 654 1855 adsidua
683 1816 892 1855 eminentis
921 1818 1100 1855 fortunae
1130 1830 1263 1856 comes
1290 1817 1440 1857 inuidia
1459 1819 1593 1857 altissi-

266 1883 420 1933 misque
439 1883 660 1929 adhaereat,
679 1881 796 1920 etiam
823 1883 900 1920 hoc
924 1881 1054 1931 colligi
1079 1889 1219 1931 potest,
1238 1884 1346 1932 quod
1367 1896 1457 1921 cum
1479 1883 1594 1921 Anici
1616 1901 1629 1922 2
1637 1901 1653 1930 5

267 1947 490 1996 Octauique
518 1946 762 1996 triumphum
792 1959 910 1984 nemo
936 1945 1209 1995 interpellaret,
1240 1947 1357 1994 fuere,
1387 1946 1453 1996 qui
1484 1948 1593 1985 Pauli

311 2061 325 2080 1
351 2050 400 2081 hic
414 2051 521 2090 incrpz't
531 2050 564 2079 A
589 2051 623 2080 in
638 2060 774 2080 summo
780 2049 843 2089 sol.
858 2059 887 2089 2,
898 2048 1154 2089 praecedentibus
1165 2048 1215 2078 ln‘s
1232 2050 1240 2065 ‘
1253 2049 1479 2087 fragmentum
1496 2050 1594 2088 primi

267 2095 339 2125 libri
355 2094 465 2124 Vellei
488 2093 656 2124 Paterculi
668 2092 675 2105 ’
782 2103 802 2132 3
827 2093 912 2123 foret
929 2092 1023 2124 Acz'd.
1042 2092 1226 2125 eeroua'k:
1258 2092 1356 2123 fuerit
1372 2093 1424 2124 P:
1449 2093 1510 2123 fuit
1527 2093 1592 2123 ΒΑ

266 2150 285 2176 4
310 2139 391 2177 quin
410 2137 578 2168 Gelenius:
603 2137 722 2176 quibus
738 2136 827 2167 AP:
851 2147 894 2167 ex
910 2136 1031 2176 quibus
1047 2135 1146 2166 Herel
1238 2140 1338 2166 antea
1354 2136 1420 2167 BA
1441 2147 1448 2166 :
1472 2142 1550 2167 ante
1565 2137 1598 2166 P

267 2192 287 2221 5
311 2182 475 2221 primores
491 2180 524 2210 A
619 2191 655 2211 11
683 2190 775 2211 cons.
793 2180 920 2211 creauit
936 2190 1001 2211 om.
1015 2179 1061 2219 A,
1081 2180 1270 2218 interpolata
1286 2180 1400 2210 habuit
1413 2179 1519 2219 Orelli,
1533 2180 1598 2219 ipse

262 2225 443 2266 praeferens
459 2224 490 2255 ei
506 2223 595 2254 bello
611 2223 778 2263 praefecit
928 2233 967 2262 13
991 2227 1132 2253 mortem
1143 2223 1176 2253 P
1190 2233 1197 2253 ε
1221 2228 1328 2253 morte
1344 2224 1408 2254 ΒΑ
1493 2225 1501 2239 ‘
1513 2223 1596 2253 alias

269 2269 432 2299 Perseum
445 2267 452 2279 ’
469 2268 655 2298 Rhenanus
671 2278 678 2297 ε
702 2267 832 2297 Persen
850 2266 939 2306 itgsra
957 2267 977 2298 i.
999 2277 1047 2297 11.
1068 2276 1081 2296 1
1223 2276 1260 2305 17
1286 2267 1434 2306 perfugit
1458 2266 1597 2297 Crusius

270 2323 421 2364 (Probab.
450 2323 516 2354 crit.
538 2327 574 2362 p.
603 2323 700 2361 116):
735 2321 884 2361 profugit
910 2321 981 2352 ΑΡ
1152 2321 1190 2351 18
1214 2321 1275 2352 CN
1301 2322 1334 2352 A
1447 2320 1532 2352 P.R.
1559 2322 1592 2350 A

268 2377 310 2397 22
335 2367 456 2397 Octaui
467 2371 519 2406 pr.
537 2366 582 2404 A,
602 2365 714 2396 deinde
728 2366 742 2395 i
754 2365 866 2396 addita
884 2364 1017 2396 Octauii
1102 2365 1233 2395 naualis
1257 2365 1340 2396 P.R.
1354 2365 1448 2405 prius
1462 2365 1508 2403 A,
1523 2368 1598 2404 post

269 2414 439 2440 correctum
456 2410 489 2439 in
507 2409 590 2441 P.R.
608 2409 737 2439 naualis
850 2407 957 2439 Anitii
974 2409 1007 2438 A
1026 2411 1055 2438 et
1074 2408 1120 2439 sic
1133 2408 1240 2447 irgfra:
1266 2408 1378 2439 Anicii
1393 2407 1427 2438 P
1554 2417 1595 2445 23

270 2454 403 2493 agentis
423 2453 579 2490 Gelenius,
601 2452 691 2492 quod
699 2452 842 2493 plerique
857 2454 1037 2492 receperunt

928 2548 946 2578 8
