1799 2864
108 910 147 932 10

110 1559 149 1580 20

694 207 863 244 LIBER
894 208 935 244 II

164 324 205 354 ut
225 324 381 355 senator
400 324 437 355 et
458 316 584 362 iudex,
600 329 679 354 non
701 324 742 354 ut
763 316 954 366 princeps,
978 330 996 350 *
1020 329 1038 349 *
1062 329 1080 349 *
1103 323 1140 354 et
1161 329 1296 354 causas
1318 314 1485 364 pressius

163 381 294 419 audit!
351 395 469 430 quam
508 380 681 419 celeriter
718 381 910 430 ingratum
949 388 986 418 et
1025 394 1129 418 noua
1163 380 1390 418 molientem
1420 393 1484 428 op-

165 445 324 494 pressit!
380 445 522 495 quibus
551 445 767 494 praeceptis
798 444 1029 482 instructum
1062 444 1340 483 Germanicum
1371 457 1484 481 suum

165 510 438 560 imbutumque
472 510 702 548 rudimentis
734 510 892 548 militiae
931 523 1064 548 secum
1103 517 1212 547 actae
1250 509 1485 547 domitorem

165 576 308 625 recepit
357 576 613 614 Germaniae!
674 575 816 625 quibus
864 575 1064 613 iuuentam
1113 574 1195 612 eius
1243 573 1486 622 exaggerauit

165 641 389 687 honoribus,
412 642 674 690 respondente
695 642 800 679 cultu
821 640 1007 690 triumphi
1027 653 1165 686 rerum,
1187 652 1284 688 quas
1304 645 1484 687 gesserat,

166 704 446 754 magnitudini!
489 705 670 754 quotiens
697 706 887 754 populum
914 704 1119 754 congiariis
1145 702 1353 741 honorauit
1380 715 1487 739 sena·
1506 717 1521 745 3

165 776 371 818 torumque
409 782 582 815 censum,
623 783 712 807 cum
751 769 791 807 id
829 777 966 807 senatu
997 777 1156 806 auctore
1189 769 1314 805 facere
1348 765 1485 816 potuit,

164 846 282 881 quam
312 833 477 871 libenter
506 833 685 882 expleuit,
708 841 750 871 ut
779 847 908 882 neque
934 833 1122 871 luxuriam
1150 832 1329 870 inuitaret
1360 844 1488 880 neque

166 899 371 936 honestam
395 906 663 947 paupertatem
684 906 878 947 pateretur
903 898 1091 947 dignitate
1111 897 1292 936 destitui!
1340 903 1488 945 quanto

165 975 255 999 cum
285 963 435 1000 honore
456 962 734 1000 Germanicum
765 976 877 1000 suum
906 961 945 999 in
974 961 1248 1000 transmarinas
1276 960 1378 998 misit
1405 973 1490 1009 pro-

166 1026 337 1064 uincias!
395 1040 473 1076 qua
502 1027 540 1064 ui
570 1027 821 1065 consiliorum
852 1040 1010 1065 suorum
1041 1026 1216 1064 ministro
1246 1034 1283 1064 et
1312 1025 1490 1063 adiutore

166 1105 258 1129 usus
294 1094 424 1130 Druso
455 1092 534 1130 filio
568 1106 650 1138 suo,
684 1092 978 1130 Maroboduum
1012 1091 1279 1129 inhaerentem
1309 1089 1489 1139 occupati

167 1156 272 1205 regni
294 1156 447 1203 finibus,
470 1170 566 1206 pace
592 1155 803 1194 maiestatis
830 1156 911 1194 eius
939 1155 1112 1202 dixerim,
1135 1157 1242 1193 uelut
1269 1162 1489 1204 serpentem

166 1222 383 1259 abstrusam
414 1229 534 1259 terrae
568 1221 787 1259 salubribus
822 1219 1090 1272 [consiliorum
1122 1218 1298 1271 suorum]
1324 1218 1492 1257 medica-

169 1285 308 1323 mentis
340 1285 467 1334 coegit
505 1285 658 1334 egredi!
717 1298 835 1334 quam
866 1285 975 1322 illum
1015 1292 1056 1322 ut
1094 1286 1295 1330 honorate,
1330 1285 1383 1321 sic
1418 1297 1491 1321 nec

168 1364 301 1388 secure
322 1350 520 1388 continet!
577 1358 746 1399 quantae
771 1350 883 1388 molis
908 1350 1054 1388 bellum
1082 1349 1256 1399 principe
1278 1349 1490 1387 Galliarum

168 1415 294 1453 ciente
324 1415 528 1453 Sacrouiro
560 1417 754 1464 Floroque
785 1415 887 1453 Iulio
917 1415 1012 1452 mira
1043 1415 1238 1453 celeritate
1270 1428 1316 1452 ac
1351 1414 1492 1452 uirtute

168 1479 408 1528 compressit,
449 1487 490 1517 ut
527 1487 618 1517 ante
656 1481 825 1529 populus
865 1481 1070 1517 Romanus
1109 1479 1249 1516 uicisse
1291 1492 1331 1516 se
1373 1492 1491 1527 quam

170 1544 311 1581 bellare
350 1552 603 1592 cognosceret
641 1543 879 1592 nuntiosque
917 1543 1077 1592 periculi
1116 1542 1302 1581 uictoriae
1340 1556 1491 1592 praece-

168 1609 276 1646 deret
308 1608 490 1646 nuntius!
550 1608 679 1657 magni
714 1608 830 1646 etiam
870 1607 1022 1646 terroris
1062 1608 1208 1645 bellum
1240 1607 1415 1645 Africum
1455 1614 1530 1649 et4

168 1673 367 1711 cotidiano
393 1671 464 1725 [in]
490 1680 607 1710 auctu
638 1672 761 1710 maius
787 1672 969 1722 auspiciis
997 1671 1247 1721 consiliisque
1274 1671 1356 1709 eius
1385 1671 1493 1709 breui

169 1740 363 1788 sepultum
393 1746 460 1775 est.

224 1804 384 1851 Quanta
405 1817 473 1841 sua
493 1816 732 1852 suorumque
753 1802 914 1841 nomine
938 1802 1120 1840 exstruxit
1137 1805 1271 1851 opera!
1299 1816 1417 1851 quam
1432 1802 1495 1851 pia
1513 1815 1585 1851 130

218 1915 227 1934 1
249 1905 293 1934 sic
306 1904 394 1934 AP:
421 1905 521 1935 Orelli
532 1905 696 1944 supplebat
711 1916 808 1944 quam
827 1905 928 1935 ceteri
947 1910 979 1934 et
993 1905 1138 1935 sanctius
1151 1904 1307 1934 diiudicat
1324 1916 1330 1934 :
1356 1903 1499 1944 llladm'g

171 1959 210 1978 ex
235 1948 388 1978 uocabulo
411 1948 497 1987 quod
514 1952 557 1978 est
587 1949 735 1987 pressius
768 1960 884 1978 nomen
918 1949 1017 1978 Drusi
1053 1948 1189 1978 Libonis
1220 1948 1423 1986 exprimebat,
1452 1959 1496 1976 re-

162 1992 319 2030 fragante
349 1992 521 2021 Tlmnmsio
533 1997 566 2031 j).
585 2001 645 2029 54:
679 1992 763 2021 mz'lzi
783 1992 936 2021 ttt'clenlnr
957 1993 1119 2021 nonnulla
1139 1996 1213 2030 post
1234 1991 1317 2020 illud
1338 1992 1495 2029 princeps

171 2034 316 2064 exa'dst-se
327 2036 413 2064 uelut
422 2035 451 2064 si
464 2036 580 2065 scribas
597 2035 752 2075 [Libonis
769 2040 802 2064 et
820 2036 929 2065 scelus
944 2034 1133 2074 inquisiuit]
1149 2040 1181 2065 et
1196 2045 1333 2065 causam
1347 2035 1496 2073 pressius

173 2078 250 2116 (lue.
270 2079 421 2107 intentius
443 2082 471 2107 et
493 2079 646 2116 curatius)
670 2080 796 2109 audiuit
928 2089 945 2115 4
971 2079 1053 2108 actis
1077 2079 1134 2109 dcl.
1155 2082 1228 2108 ante
1252 2083 1336 2108 actae
1354 2077 1385 2106 A
1476 2079 1496 2106 6

172 2122 433 2159 respondentem
451 2121 516 2150 BA
629 2123 730 2152 cultui
748 2147 754 2152 .
775 2147 781 2153 .
800 2147 806 2152 .
825 2122 1055 2160 magnitudine
1072 2122 1180 2151 Bm‘er
1329 2123 1348 2150 8
1368 2125 1443 2160 post
1466 2121 1497 2149 id

172 2165 306 2194 delctmvn
319 2168 391 2194 esta
403 2165 434 2194 in
448 2165 479 2193 A
574 2175 611 2203 15
629 2171 717 2196 terra
733 2165 870 2195 Cludius
945 2176 1035 2196 conS.
1050 2176 1186 2195 suorum
1200 2164 1363 2194 Ruhnken
1381 2164 1499 2193 delclml

173 2211 209 2237 ut
230 2219 268 2237 ex
291 2219 311 2237 u
352 2218 388 2237 12
413 2208 565 2237 inculcata
709 2211 748 2238 16
772 2214 807 2239 nt
834 2210 911 2239 hon.
941 2220 1002 2239 nec
1028 2219 1145 2239 secure
1172 2208 1257 2239 AF:
1298 2208 1345 2237 sic
1377 2207 1494 2245 addidi,

173 2252 288 2280 utiam
305 2250 484 2280 Bm‘nmnn
501 2252 557 2281 sed
566 2262 631 2282 om.
651 2263 712 2282 nec
729 2265 735 2282 :
760 2257 793 2282 et
811 2253 890 2282 hon.
911 2262 971 2282 nec
989 2263 1055 2282 sec.
1078 2252 1224 2281 Gzlenius
1338 2252 1376 2280 18
1401 2261 1496 2280 sacro

173 2295 246 2324 uiro
275 2295 424 2333 floreque
449 2295 481 2323 A
574 2295 664 2325 Iuliis
679 2295 842 2325 Ruhnken
865 2306 905 2325 ex
924 2296 994 2326 Tac.
1017 2296 1110 2326 Ann.
1132 2296 1174 2325 iii.
1199 2305 1238 2332 40
1263 2294 1496 2324 exstimulator

173 2338 356 2367 acerrimus
381 2338 468 2368 inter
491 2338 647 2368 Treuiros
674 2339 776 2369 lulius
802 2339 928 2376 Florus,
949 2340 1037 2377 apud
1056 2339 1194 2369 Aeduos
1214 2338 1317 2368 Iulius
1337 2337 1497 2367 Sacrouir

177 2391 216 2420 19
239 2391 362 2420 compr.
383 2381 454 2410 ΑΡ
514 2391 550 2411 se
567 2393 630 2411 om.
648 2382 680 2411 A
793 2393 834 2411 22
858 2383 1039 2412 cottidiano
1057 2382 1127 2412 AF
1256 2382 1288 2411 in
1307 2386 1381 2410 anre
1396 2385 1495 2410 auctu

174 2424 308 2454 deletum
324 2428 370 2454 est
385 2425 416 2454 in
433 2424 465 2453 A
478 2437 490 2462 ‚·
507 2426 667 2455 omissmn
686 2426 718 2455 in
735 2425 768 2455 P
899 2436 939 2463 24
964 2436 1024 2456 suo
1041 2425 1212 2455 Acidalius
1299 2429 1385 2455 exst.
1402 2424 1435 2453 A

807 2530 862 2561 ¹4¹
