1799 2864
716 229 1147 268 PROLEGOMENA

265 341 520 379 comitabatur
544 341 684 378 cunctis
706 342 747 378 in
773 340 977 391 (suprascr.
995 340 1150 391 cinctus)
1168 342 1414 379 multitudine
1432 341 1473 379 in
1503 354 1594 379 area

266 411 470 463 (suprascr.
494 410 610 461 atrio)
635 412 767 448 domus
785 424 875 448 suae
893 412 1039 449 cultello
1057 418 1260 460 percussus
1279 414 1326 459 A,
1349 413 1455 450 unde
1485 411 1597 462 quasi

264 481 388 521 oculis
415 481 600 531 ingeritur
620 481 745 530 qualis
765 480 879 518 fuerit
908 481 939 519 is
966 482 1092 519 codex
1118 495 1236 530 quem
1258 484 1345 520 Am.
1369 482 1598 520 transcribe-

265 553 341 599 bat,
370 552 555 590 uidelicet
584 553 687 589 lectu
718 551 771 589 ita
800 550 966 589 difficilis
997 559 1038 588 ut
1068 552 1277 589 maximam
1307 552 1595 591 dubitationem

263 623 336 673 ipsi
367 622 544 668 mouerit,
576 621 691 659 nobis
721 621 912 659 incertum
937 621 1133 670 reliquerit
1163 622 1259 671 quid
1284 623 1458 661 Velleius
1488 624 1597 661 uolu-

262 694 332 732 erit
350 708 360 741 ;
388 707 480 731 nam
501 693 610 742 quod
638 694 667 729 P
692 693 759 730 dat
783 705 879 740 quae
905 706 987 729 eum
1012 705 1040 730 s.
1069 693 1322 730 comitabatur
1346 707 1426 731 non
1454 693 1596 731 certius

262 772 320 803 est
347 777 466 813 quam
494 776 662 812 sequens
691 763 803 809 atrio,
830 776 920 800 cum
950 762 1120 811 potuerit
1148 764 1195 800 V.
1228 776 1309 801 non
1337 763 1466 801 minus
1493 764 1596 802 bene

261 834 429 872 scribere
449 846 544 881 quae
565 837 644 869 tum
664 845 747 869 eum
767 845 794 869 s.
817 833 1078 879 comitabatur,
1102 839 1150 878 et,
1173 833 1282 881 quod
1302 832 1468 870 restituit
1488 833 1596 871 Orel-

260 904 345 951 lius,
363 917 465 940 area.
509 916 568 952 31.
591 916 609 939 2
633 915 747 951 usque
762 904 817 939 ad
832 903 1186 951 quinquagesimmn
1203 903 1417 940 miliarium
1439 904 1571 940 amari
1587 915 1594 922 ·

260 975 362 1023 quod
372 975 382 994 ¹
408 967 443 1012 ζ’
461 980 559 1023 pene
579 974 694 1010 totins
718 973 824 1010 orbis-
846 978 1040 1010 terrarum
1068 974 1170 1010 orbis
1188 974 1390 1022 imperium
1418 974 1491 1010 uni
1511 974 1598 1010 uiro

259 1045 498 1093 dcfirebatar
518 1046 564 1091 A,
594 1051 633 1081 at
660 1045 690 1081 P
717 1057 740 1080 a
767 1044 872 1080 mam·
895 1056 968 1092 quo
995 1049 1148 1081 senatus
1172 1045 1252 1082 Cos.
1270 1051 1365 1092 pene
1391 1044 1506 1081 totius
1525 1049 1595 1081 ter-

262 1128 397 1151 rarum
414 1114 522 1151 orbis.
585 1113 693 1151 Hinc
715 1113 873 1162 colligas
895 1113 934 1150 in
958 1114 1171 1162 archetypo
1192 1113 1310 1151 fuisse
1331 1114 1470 1160 amari,
1488 1127 1595 1163 prae-

259 1184 456 1234 positione
482 1198 503 1222 a
535 1197 628 1222 casu
656 1197 728 1222 suo
755 1197 835 1222 non
864 1183 1058 1233 dirempta
1072 1199 1082 1231 ,-
1121 1189 1274 1221 senatus
1300 1197 1381 1222 non
1403 1184 1458 1222 sic
1477 1186 1594 1234 plene

260 1255 460 1304 scriptum,
479 1255 548 1293 sed
569 1268 637 1304 per
653 1268 772 1292 unam
798 1254 976 1301 litteram,
1000 1268 1101 1303 quae
1122 1255 1331 1292 obscurata
1359 1262 1468 1304 parte
1489 1255 1548 1293 sui
1568 1257 1598 1292 d

260 1325 390 1374 potius
411 1325 536 1363 uideri
564 1332 726 1374 posset,
753 1325 945 1362 consulto2
974 1325 1084 1374 quod
1111 1324 1234 1363 edidit
1262 1326 1493 1372 Rhenanus,
1525 1339 1594 1375 per

266 1397 336 1433 Cos
349 1397 411 1433 uel
437 1388 472 1434 C
487 1411 493 1433 :
525 1395 696 1444 denique
713 1395 810 1433 illud
827 1395 1116 1433 dubitationem
1138 1395 1309 1433 mouisse
1326 1396 1593 1434 Amerbachio

259 1467 361 1503 orbis
381 1471 576 1504 terrarum
597 1479 647 1503 an
675 1471 870 1503 terrarum
897 1467 997 1504 orbis
1016 1465 1147 1515 potius
1175 1473 1276 1504 esset
1303 1465 1342 1503 in
1367 1467 1592 1516 archetypo.

262 1548 322 1586 55.
351 1551 366 1575 1
396 1538 543 1576 Caesar
569 1537 610 1574 in
636 1542 838 1586 peruectus
867 1537 908 1574 in
947 1537 1125 1585 Africam
1156 1541 1192 1573 et
1218 1550 1335 1584 quam
1368 1538 1600 1587 Pompeiani

258 1608 477 1645 obtinebant
511 1609 703 1644 exercitus.
762 1608 829 1645 Ibi
855 1609 902 1653 A,
939 1607 1046 1645 unde
1075 1606 1178 1644 facili
1208 1607 1433 1645 coniectura
1463 1607 1594 1646 elicias

263 1679 409 1716 Caesar
436 1685 477 1715 ut
498 1682 697 1727 peruectus
717 1678 757 1714 in
777 1677 868 1725 Afr.
892 1684 961 1723 est,
986 1691 1102 1725 quam
1123 1678 1354 1726 Pompeiani
1379 1679 1596 1715 obtinebant

255 1749 448 1795 exercitus,
471 1749 532 1786 ibi.
574 1750 627 1785 At
659 1750 688 1785 P
714 1747 868 1786 omissis
889 1748 942 1795 in,
964 1753 1000 1784 et
1018 1749 1149 1785 locum
1175 1747 1230 1785 sic
1260 1747 1417 1785 exhibet
1449 1750 1595 1787 Caesar

250 1824 446 1868 peruectus
486 1819 527 1856 in
556 1818 646 1867 Afr.
683 1832 799 1867 qaam
832 1819 879 1856 P.
913 1831 943 1855 o.
978 1831 1004 1855 e.
1041 1819 1103 1855 ibi.
1175 1818 1253 1856 Sed
1294 1831 1340 1855 ex
1378 1820 1591 1868 archetypo

253 1889 425 1927 abfuisse
449 1891 501 1936 in,
527 1895 565 1926 et
591 1889 677 1938 quis
705 1890 866 1927 credat?
915 1888 1112 1926 Nimirum
1140 1889 1350 1927 emendata
1379 1897 1470 1927 sunt
1491 1903 1592 1939 quae

256 1963 285 1998 P
307 1961 439 1999 dedit:
470 1974 561 1998 uere
591 1961 801 1998 emendata
831 1973 911 1997 non
941 1959 1060 1998 dedit.
1125 1962 1182 2008 76.
1207 1973 1231 2007 4
1241 1960 1452 2009 proximus
1471 1974 1494 1997 a
1521 1963 1592 2000 Cn.

254 2037 432 2086 Pompeio
451 2037 600 2085 ipsoque
626 2036 788 2073 Caesare
813 2048 860 2072 ex
879 2035 1064 2083 sequestri
1085 2036 1232 2072 ordinis
1263 2037 1297 2074 C
1300 2036 1426 2074 ONS.
1446 2041 1594 2074 creatus

298 2140 306 2156 ¹
333 2139 411 2170 Non
429 2143 480 2169 est
497 2149 589 2178 quos,
608 2144 643 2169 ut
661 2139 770 2169 uisum
788 2144 839 2169 est
862 2138 1029 2169 Fechtero
1045 2143 1247 2178 :postrema
1264 2139 1386 2179 littera,
1412 2150 1512 2178 quam
1536 2139 1592 2170 ille

251 2205 268 2225 s
297 2193 389 2233 legit,
422 2194 441 2223 d
468 2198 519 2224 est
547 2194 606 2223 sed
634 2203 700 2223 non
727 2193 829 2223 solito
855 2203 947 2223 more
974 2198 1136 2231 exarata,
1170 2203 1246 2223 nam
1272 2193 1292 2223 b
1318 2193 1466 2232 quidem,
1497 2193 1591 2223 cuius

251 2249 401 2288 speciem
425 2248 593 2287 quandam
619 2248 745 2278 habere
769 2248 841 2278 uisa
866 2252 918 2277 est
944 2247 968 2278 I.
998 2247 1221 2286 Schneidero,
1251 2248 1447 2287 praeposito
1473 2248 1590 2278 biblio-

252 2303 383 2341 thecae,
403 2303 461 2332 uix
478 2301 605 2342 poterit
622 2312 707 2332 esse.

294 2358 305 2375 ²
332 2357 368 2387 In
397 2362 490 2387 textu
524 2357 613 2387 edidi
640 2367 703 2395 quo
729 2355 866 2386 decreto:
916 2356 974 2386 sed
1009 2356 1161 2395 plerique
1191 2367 1253 2395 quo
1283 2360 1416 2385 senatus
1447 2356 1590 2385 consulto

256 2409 502 2448 praetulerunt.

886 2463 962 2492 xviii
