1799 2864
607 195 812 232 VELLEI
843 195 1161 234 PATERCVLI

220 304 328 343 inicit
366 312 404 343 et
441 305 657 355 quamlibet
694 305 943 344 festinantem
981 306 1020 344 in
1059 320 1100 345 se
1138 306 1278 345 morari
1311 305 1424 355 cogit.
1483 305 1547 343 hic

221 369 465 408 nobilissima
494 370 684 409 Iuliorum
710 370 864 420 genitus
895 371 1042 409 familia
1071 379 1120 418 et,
1149 372 1257 421 quod
1288 370 1387 409 inter
1418 369 1546 408 omnis

219 434 548 485 †antiquissimos
591 435 806 482 constabat,
846 435 897 473 ab
935 435 1109 473 Anchise
1146 449 1192 473 ac
1230 437 1384 473 Venere
1426 435 1547 472 dedu-

221 512 313 537 cens
337 512 470 549 genus,
492 501 618 538 forma
649 500 826 539 omniurn
858 499 1004 538 ciuium
1032 500 1390 546 excellentissimus,
1413 499 1546 549 uigore

220 563 341 602 animi
378 564 598 611 acerrimus,
643 564 911 602 munificentia
955 565 1220 612 effusissimus,
1259 565 1392 603 animo
1431 577 1583 613 super5

220 630 434 667 humanam
461 638 499 668 et
525 638 703 667 naturam
724 637 762 667 et
782 630 901 667 fidem
922 637 1094 676 euectus,
1116 630 1385 679 magnitudine
1405 629 1547 679 cogita-

220 693 384 741 tionum,
420 694 615 732 celeritate
653 693 836 740 bellandi,
872 693 1060 743 patientia
1096 694 1357 743 periculorum
1397 695 1546 743 Magno

186 780 200 800 2
220 758 274 796 illi
303 760 539 806 Alexandro,
570 760 640 797 sed
672 758 803 797 sobrio
834 771 963 808 neque
993 758 1182 797 iracundo
1214 758 1444 805 simillimus,
1479 758 1547 808 qui

221 823 392 873 denique
413 836 567 872 semper
593 831 631 861 et
658 822 748 861 cibo
775 831 812 860 et
840 835 981 860 somno
1008 822 1047 860 in
1074 822 1207 869 uitam,
1229 836 1311 861 non
1341 823 1381 860 in
1412 824 1548 871 uolup-

221 895 340 925 tatem
370 895 551 934 uteretur,
580 900 670 925 cum
701 886 836 925 fuisset
866 887 909 926 C.
939 886 1067 925 Mario
1096 886 1285 936 sanguine
1314 887 1548 925 coniunctis-
1570 898 1610 919 10

221 952 341 990 simus
361 960 480 1001 atque
503 951 609 990 idem
638 951 790 991 Cinnae
816 965 945 1001 gener,
967 951 1078 990 cuius
1108 952 1227 989 filiam
1257 960 1299 990 ut
1327 951 1548 1001 repudiaret

221 1018 329 1054 nullo
350 1024 456 1054 metu
477 1015 661 1065 compelli
680 1015 818 1065 potuit,
836 1029 927 1054 cum
945 1017 1000 1053 M.
1017 1016 1107 1054 Piso
1128 1016 1342 1055 consularis
1362 1016 1546 1063 Anniam,

221 1094 321 1130 quae
369 1080 521 1120 Cinnae
562 1094 659 1119 uxor
695 1082 830 1128 fuerat,
870 1080 910 1118 in
949 1082 1078 1119 Sullae
1117 1081 1327 1120 dimisisset
1373 1081 1546 1131 gratiam,

221 1145 500 1195 habuissetque
526 1147 605 1184 fere
632 1157 737 1183 XVIII
765 1159 891 1184 annos
915 1159 963 1184 eo
983 1153 1170 1195 tempore,
1193 1160 1273 1195 quo
1294 1148 1400 1185 Sulla
1419 1160 1547 1184 rerum

220 1210 366 1260 potitus
396 1218 465 1258 est,
496 1210 618 1260 magis
650 1210 834 1249 ministris
866 1212 996 1249 Sullae
1025 1211 1349 1261 adiutoribusque
1380 1211 1547 1261 partium
1570 1222 1606 1254 15

221 1288 340 1324 quam
370 1275 456 1325 ipso
495 1275 818 1325 conquirentibus
857 1288 948 1313 eum
985 1276 1037 1313 ad
1074 1288 1214 1314 necem
1252 1284 1402 1314 mutata
1438 1284 1549 1315 ueste

221 1340 531 1390 dissimilemque
562 1342 740 1378 fortunae
772 1353 865 1378 suae
895 1339 1056 1378 indutus
1090 1340 1268 1378 habitum
1302 1349 1419 1379 nocte
1453 1341 1549 1379 urbe

185 1420 201 1449 3
221 1406 375 1454 elapsus
407 1413 474 1443 est.
534 1404 640 1443 idem
667 1412 805 1454 postea
830 1405 1049 1442 admodum
1076 1404 1240 1451 iuuenis,
1264 1418 1354 1443 cum
1375 1419 1398 1443 a
1416 1405 1549 1455 piratis

222 1477 358 1518 captus
379 1478 491 1516 esset,
514 1469 567 1507 ita
587 1483 628 1508 se
654 1483 722 1519 per
749 1482 868 1507 omne
895 1468 1075 1518 spatium,
1098 1482 1178 1519 quo
1208 1470 1258 1508 ab
1285 1469 1345 1508 his
1376 1478 1549 1508 retentus

221 1542 289 1581 est,
325 1535 431 1583 apud
462 1547 530 1572 eos
563 1534 692 1583 gessit,
727 1542 769 1572 ut
800 1533 941 1583 pariter
971 1533 1016 1572 iis
1055 1534 1189 1572 terrori
1227 1534 1549 1584 uenerationique
1571 1547 1610 1569 20

222 1608 334 1646 esset,
357 1612 486 1649 neque
507 1613 696 1649 umquam
716 1607 783 1637 aut
804 1598 868 1637 die
888 1606 954 1637 aut
975 1607 1092 1637 nocte
1120 1599 1204 1650 (cur
1230 1599 1335 1637 enim
1356 1601 1465 1649 quod
1485 1601 1549 1637 uel

223 1664 436 1702 maximum
466 1672 534 1711 est,
557 1663 589 1701 si
618 1663 760 1701 narrari
789 1663 919 1701 uerbis
949 1663 1136 1712 speciosis
1166 1677 1247 1702 non
1276 1672 1416 1713 potest,
1439 1663 1550 1701 omit·

222 1738 323 1767 tatur
335 1728 368 1779 ?)
398 1736 464 1766 aut
485 1730 769 1767 excalcearetur
798 1735 865 1766 aut
896 1727 1188 1777 discingeretur,
1210 1728 1250 1765 in
1282 1729 1359 1766 hoc
1387 1728 1546 1774 scilicet,

222 1808 272 1832 ne
301 1793 332 1831 si
362 1794 522 1843 quando
551 1792 699 1842 aliquid
730 1806 776 1830 ex
807 1792 922 1830 solito
953 1792 1128 1838 uariaret,
1159 1800 1363 1842 suspectus
1394 1792 1451 1840 iis,
1482 1792 1550 1842 qui

223 1858 345 1897 oculis
366 1858 643 1896 tantummodo
664 1870 755 1896 eum
776 1857 1063 1904 custodiebant,
1086 1858 1193 1895 foret.
1572 1874 1586 1895 2
1593 1874 1609 1904 5

269 1970 282 1990 1
310 1960 414 1990 iniicit
430 1959 501 1989 ΑΡ
557 1959 742 1998 quamlibet
758 1958 791 1988 A
809 1970 816 1989 :
840 1959 1023 1998 quemlibet
1039 1959 1090 1990 P:
1115 1961 1122 1975 ‘
1135 1959 1216 1990 alias
1232 1959 1413 1998 quamlibet
1424 1959 1432 1971 '
1448 1961 1556 1991 Burer

223 2014 242 2043 3
266 2003 519 2042 antiquissimos
544 2002 633 2033 AP:
671 2003 760 2032 inter
791 2003 900 2032 omnis
932 2003 1108 2033 constabat
1131 2002 1366 2041 antiquissima
1397 2004 1552 2044 Lfflsius:

223 2047 432 2085 antiquitatis
456 2047 584 2085 peritos
603 2046 719 2077 Orelli:
746 2046 954 2084 antiquitatis
977 2046 1149 2076 studiosos
1173 2047 1225 2076 uel
1246 2047 1400 2077 curiosos
1422 2047 1550 2079 Halm:

224 2090 447 2130 peritissimos
464 2089 613 2120 Scriner:
638 2089 882 2119 scientissimos
898 2100 956 2129 ego
974 2092 1039 2128 (79.
1056 2090 1085 2130 Ι)
1103 2101 1110 2120 :
1134 2100 1220 2128 quos
1233 2115 1240 2121 .
1259 2114 1264 2118 .
1280 2115 1286 2120 .
1301 2091 1552 2129 antiquissimos

224 2139 357 2164 constat
377 2133 549 2164 Gudeman
565 2144 572 2164 :
589 2136 597 2149 ‘
610 2132 763 2163 Velleius
780 2133 921 2171 intelligi
938 2133 1072 2163 uidetur
1089 2134 1238 2163 uoluisse
1259 2135 1448 2165 “auctores
1459 2134 1479 2146 ''
1497 2134 1551 2164 uel

228 2180 248 2194 *ί
263 2178 446 2216 scriptores
457 2175 476 2188 ''
490 2177 498 2189 ’
515 2177 659 2207 Thomas
731 2185 750 2214 5
768 2177 1016 2207 munificentiae
1027 2176 1105 2214 ΑΡ,
1118 2187 1180 2206 em.
1196 2177 1342 2207 Gelenius
1417 2179 1437 2208 8
1462 2178 1551 2208 simi-

224 2221 323 2251 limus
350 2220 382 2250 A
539 2231 560 2259 9
583 2224 617 2250 et
645 2230 764 2250 somno
791 2225 825 2250 et
851 2220 924 2250 cibo
948 2220 982 2250 P
1027 2220 1103 2250 Vide
1129 2220 1256 2251 Corum.
1286 2220 1360 2251 Cn't.
1514 2231 1552 2259 13

225 2265 338 2295 Sullae
365 2263 413 2294 A.
439 2274 505 2294 non
537 2263 650 2303 Syllae
785 2273 824 2303 19
848 2273 885 2294 se
913 2273 975 2303 per
1001 2263 1053 2294 B:
1085 2274 1221 2303 semper
1245 2263 1317 2293 ΑΡ
1401 2263 1454 2294 his
1485 2263 1557 2294 ΑΡ

222 2319 266 2338 20
288 2309 340 2337 his
364 2306 435 2336 ΑΡ
531 2307 695 2345 horroriq.
721 2306 793 2343 del„
823 2306 895 2336 dein
920 2307 1041 2337 terrori
1064 2307 1098 2336 A
1233 2317 1270 2337 21
1297 2312 1353 2337 aut
1376 2312 1475 2337 nocte
1495 2313 1552 2338 aut

224 2352 279 2381 die
295 2351 330 2380 P
458 2361 499 2381 22
523 2351 682 2390 spetiosis
700 2351 814 2381 uerbis
838 2351 885 2386 A,
913 2350 971 2381 sed
992 2352 1015 2384 β
1033 2356 1133 2391 super
1153 2355 1250 2389 spet.,
1277 2362 1297 2380 α
1320 2356 1419 2391 super
1439 2351 1552 2382 uerbis

223 2394 353 2433 additis,
373 2405 438 2433 quo
454 2394 532 2425 ordo
544 2393 754 2426 inuertendus
769 2394 1007 2435 significaretur
1105 2404 1147 2434 23
1171 2404 1214 2424 ex
1232 2404 1260 2426 c.
1277 2394 1310 2424 A
1423 2404 1464 2433 24
1488 2395 1553 2426 hiis

222 2438 254 2468 A
274 2450 280 2470 :
304 2438 356 2469 his
382 2438 415 2468 P

873 2512 915 2545 60
