1799 2864
680 225 1110 265 PROLEGOMENA

367 336 467 386 Epla
487 337 625 374 Eman.
649 338 751 375 Port.
775 337 895 387 Regis

420 406 524 446 Iulii-1
539 407 587 458 (?)
612 407 813 446 Maresidii
826 407 837 427 ¹
854 407 903 459 (?)
924 407 1216 446 communicaui

471 483 483 514 i
503 477 567 515 die
587 478 751 516 Antonii
771 485 813 516 a0
838 480 938 528 1558

471 554 520 586 εὖ
542 548 732 598 Catalogo
752 548 940 587 librorum
961 548 1113 587 Erasmi

605 617 796 656 Reddidit

284 686 365 724 Hic
398 687 617 725 notandum
649 695 707 726 est
745 688 854 737 quod
891 687 941 726 ab
979 688 1205 737 apographo
1236 686 1553 726 Amerbachiano

227 756 338 795 abest
367 758 627 806 fragmentum
656 757 761 807 prius
791 757 877 795 libri
899 759 929 804 Ι,
952 758 988 795 h.
1005 770 1036 795 e.
1069 757 1238 806 capitula
1267 764 1357 795 octo
1386 769 1486 806 quae
1513 756 1553 794 in

228 828 288 865 ed.
313 829 371 865 Pr.
395 827 588 866 Velleiani
617 827 744 877 operis
773 827 928 865 initium
955 827 1102 865 faciunt
1125 841 1148 865 a
1170 826 1300 865 uerbis
1327 828 1554 876 Tempestate

227 898 431 935 distractus
467 910 592 947 usque
630 898 681 936 ad
719 898 840 936 uerba
871 899 1026 947 Raptus
1064 898 1259 947 uirginum
1302 898 1549 936 Sabinarum.

227 967 358 1005 Credo
373 980 479 1005 anno
497 969 596 1017 1516
611 968 789 1005 nondum
805 967 1011 1006 inuentum
1028 967 1146 1005 fuisse
1166 968 1426 1017 fragmentum
1442 966 1549 1013 illud,

225 1038 289 1074 uel
319 1037 607 1075 dubitationem
639 1037 810 1076 mouisse
843 1051 893 1075 an
924 1037 1117 1076 Velleiani
1149 1037 1275 1087 operis
1309 1051 1396 1087 pars
1426 1045 1527 1076 esset
1542 1052 1552 1085 ,·

225 1106 317 1144 hinc
344 1107 608 1145 Amerbachio
633 1121 713 1145 non
739 1107 779 1145 in
806 1121 945 1146 manus
972 1108 1127 1146 uenisse
1148 1121 1238 1146 cum
1265 1107 1415 1157 reliquo
1446 1109 1551 1146 Mur-

225 1177 385 1215 bacensi
405 1177 567 1225 codice3
595 1185 634 1215 at
659 1179 855 1216 Rhenano
884 1191 1009 1216 annos
1038 1186 1127 1227 post
1151 1186 1334 1227 quattuor
1353 1177 1549 1216 Velleium

223 1247 357 1285 edenti
385 1247 613 1296 suppetisse.
674 1249 777 1285 Nam
807 1248 945 1303 abesse
973 1248 1024 1285 ab
1048 1247 1301 1286 Amerbachii
1324 1248 1550 1296 apographo

221 1317 314 1355 folia
333 1317 482 1366 aliquot
503 1317 706 1366 deperdita
735 1317 831 1355 nihil
852 1326 910 1355 est
937 1319 1045 1367 quod
1074 1317 1243 1356 indicet:
1274 1319 1344 1356 sed
1363 1331 1386 1355 a
1405 1317 1549 1366 quibus

221 1387 351 1426 uerbis
388 1389 643 1437 apographon
681 1387 817 1437 incipit
846 1389 1119 1437 Fragmentum
1150 1389 1279 1438 primi
1307 1389 1401 1426 libri
1439 1389 1555 1426 Vellei

218 1459 419 1497 Paterculi
444 1471 490 1496 ea
510 1457 549 1495 in
579 1471 733 1496 summa
761 1466 869 1507 parte
898 1458 981 1496 folii
1001 1466 1039 1496 et
1068 1458 1229 1508 quidem
1250 1459 1344 1497 recti
1373 1459 1548 1497 studiose

219 1529 350 1578 posuit
370 1529 667 1576 Amerbachius,
690 1536 892 1578 tamquam
916 1529 957 1567 id
985 1543 1104 1579 agens
1132 1539 1173 1567 ut
1203 1529 1358 1567 initium
1381 1529 1547 1579 paginae

217 1600 361 1637 faceret
381 1601 489 1648 quod
509 1599 580 1637 fuit
604 1599 796 1638 historiae.
857 1601 955 1638 Sunt
976 1599 1043 1649 qui
1063 1607 1212 1649 putent,
1231 1607 1268 1637 et
1289 1599 1328 1637 in
1349 1599 1408 1638 his
1427 1601 1547 1637 Fech-

216 1677 331 1716 terus,
350 1669 657 1708 Amerbachium
678 1683 759 1708 non
780 1669 908 1719 ipsum
927 1670 1243 1716 Murbacensem,
1259 1670 1328 1707 sed
1349 1671 1546 1719 exemplar

216 1740 299 1778 eius
314 1741 365 1778 ab
380 1740 457 1778 alio
473 1742 631 1787 factum,
647 1740 898 1790 descripsisse
915 1756 921 1778 :
952 1740 1043 1778 hinc
1060 1740 1205 1779 omissa
1224 1740 1288 1778 illa
1304 1748 1395 1778 octo
1416 1739 1544 1789 capita

214 1810 344 1858 fuisse,
360 1824 450 1849 cum
466 1811 516 1848 ab
533 1824 580 1849 eo
597 1811 806 1860 exemplari
818 1811 1022 1849 abfuerint.
1065 1812 1143 1849 Sed
1158 1819 1347 1860 repugnat
1361 1810 1543 1849 uniuersa

214 1881 364 1930 species
394 1881 699 1919 Amerbachiani
732 1881 969 1931 apographi:
1014 1882 1122 1930 quod
1167 1880 1198 1919 si
1233 1894 1324 1918 curn
1357 1880 1542 1918 Rhenani

213 1952 273 1989 ed.
292 1950 467 2001 principe
484 1952 672 1998 conferas,
688 1951 823 1989 uideas
840 1951 973 1989 omnia
988 1951 1145 1989 rudiora
1160 1959 1197 1989 et
1214 1959 1255 1988 ut
1271 1951 1324 1988 ita
1340 1951 1469 1989 dicam
1487 1950 1541 1989 in-

213 2021 453 2071 corruptiora
472 2021 550 2059 illic
571 2030 710 2068 extare,
733 2021 936 2060 uocabulis
957 2021 1153 2059 interdum
1175 2035 1255 2059 non
1280 2030 1383 2059 recte
1404 2021 1539 2059 diuisis

213 2092 374 2143 (scimus
405 2100 537 2130 autem
571 2093 611 2130 in
647 2092 901 2131 Murbacensi
931 2106 1012 2130 non
1043 2100 1147 2149 recte
1178 2092 1304 2130 diuisa
1338 2091 1537 2142 extitisse),

211 2163 487 2212 orthographia
524 2177 657 2201 ueram
695 2163 979 2213 antiquitatem,
1020 2176 1100 2201 non
1135 2164 1334 2201 saeculum
1369 2174 1452 2209 XVI,
1486 2176 1539 2200 re-

211 2235 368 2281 ferente,
386 2234 637 2273 distinctione
658 2236 919 2273 clausularum
939 2234 1085 2272 incerta
1105 2248 1150 2272 ac
1171 2236 1362 2283 perplexa,
1381 2235 1536 2283 qualem

210 2304 249 2342 in
282 2305 534 2343 Murbacensi
565 2306 782 2343 Rhenanus
812 2319 852 2343 se
882 2313 1043 2343 testatur
1066 2305 1273 2343 inuenisse.
1334 2307 1537 2343 Praeterea

210 2374 249 2412 in
279 2375 532 2414 Amerbachii
560 2377 787 2425 apographo
817 2383 947 2414 tantus
976 2389 1067 2425 grex
1095 2383 1153 2413 est
1183 2375 1376 2413 uariarum
1406 2374 1537 2413 lectio—

621 2456 628 2473 ¹
653 2455 818 2487 ,Martiam'
830 2456 913 2496 legit
930 2456 969 2487 G.
990 2456 1125 2487 Parker.

844 2526 901 2546 xiv
