1799 2864
798 202 1014 238 ADDENI
1027 204 1076 239 )Α

324 322 350 354 9
371 319 386 345 1
415 309 560 345 scribit:
588 314 634 344 at
653 310 873 355 plerumque
897 312 1071 355 superior
1077 313 1168 357 suit
1188 323 1437 357 magnamque
1450 316 1600 358 partem

278 369 453 403 Graeciae
469 369 511 403 in
528 370 734 403 societatem
751 380 858 402 suam
869 370 1117 414 perducere
1140 372 1249 414 quin
1257 372 1304 405 it.

321 438 363 462 10
388 437 411 470 4
445 433 531 462 ante
557 427 722 461 ordinem
748 438 830 461 cum
859 428 900 461 in
930 427 976 462 sit
1002 427 1037 461 in
1062 428 1113 471 A,
1140 429 1209 463 hoc
1240 429 1443 463 Schoellius
1469 440 1513 464 ex
1543 438 1603 463 Vll

276 485 376 529 (ante
392 485 580 529 triumphi
592 485 688 518 diem
705 485 917 530 septimum)
936 493 1148 530 corruptum
1166 486 1358 522 existimat.

322 554 362 577 12
381 543 442 577 fin.
468 542 672 578 Schoellius
703 543 848 578 scribit:
887 545 922 577 si
948 545 1053 578 modo
1082 543 1244 588 (umbra)
1275 556 1433 589 usquam
1466 546 1602 578 stantis

273 605 438 635 maneret
456 600 710 645 Carthaginis.
764 601 838 635 Illis
863 608 989 637 autem
1007 602 1053 636 de
1071 601 1203 646 quibus
1225 603 1382 637 multum
1403 602 1601 646 ambigitur

272 660 361 693 adeo
390 660 514 693 odium
539 659 801 693 certaminibus
829 663 952 693 ortum
982 660 1086 694 ultra
1115 663 1252 694 metum
1279 661 1397 695 durat
1422 665 1457 695 et
1486 672 1530 694 ne
1558 662 1599 694 in

272 719 383 752 uictis
399 718 545 761 quidem
563 717 763 762 deponitur
778 728 894 761 neque
914 721 1000 751 ante
1021 717 1215 753 †inuisum
1236 729 1308 752 esse
1334 719 1472 753 desinit
1487 730 1599 762 quam

271 787 345 810 esse
361 776 470 809 desiit
487 774 538 810 sic
555 774 772 819 opitulatum
798 774 835 809 iit
857 781 896 809 ut
916 776 1082 808 inuisum
1100 786 1174 809 esse
1196 776 1466 811 substantiuum
1488 776 1600 811 faciat

271 840 308 869 et
327 833 542 875 subiectum,
561 832 660 878 quod
685 831 821 875 dicunt,
841 832 1064 867 sententiae:
1091 832 1100 849 ‘
1112 840 1150 867 to
1173 834 1220 868 be
1238 834 1350 869 hated
1368 835 1454 878 only
1473 845 1599 869 ceases

272 892 358 926 with
375 890 580 927 existence.'
631 890 740 934 Quod
758 889 846 924 mihi
863 890 1012 935 quidem
1030 890 1209 926 difficilius
1228 891 1367 926 dictum
1385 891 1540 926 uidetur.

318 952 363 985 16
382 960 402 994 3
429 960 473 984 ac
495 960 632 983 nouam
657 948 831 983 comicam
857 948 1070 983 Menander
1094 950 1336 994 aequalesque
1359 950 1439 983 eius
1467 950 1602 984 aetatis

271 1010 393 1054 magis
423 1018 536 1052 quam
571 1008 691 1051 operis
723 1005 894 1040 Philemo
932 1010 968 1040 et
998 1006 1183 1052 Diphilus
1217 1010 1252 1041 et
1287 1009 1461 1042 inuenere
1494 1009 1599 1041 intra

267 1067 512 1111 paucissimos
527 1075 645 1099 annos
662 1075 778 1108 neque
793 1065 978 1099 imitanda
995 1065 1184 1110 reliquere.

320 1125 364 1158 In
382 1123 439 1158 his
460 1122 657 1157 Heinsium
678 1128 827 1157 secutus
848 1134 947 1156 noua
973 1124 1108 1157 comica
1137 1123 1342 1158 Schoellius
1364 1123 1599 1158 scribendum

272 1189 386 1227 putat,
405 1193 489 1216 cum
514 1192 589 1216 non
615 1182 733 1226 lyrica
760 1182 878 1215 solum
904 1187 1002 1216 extet
1027 1193 1086 1226 ap.
1107 1181 1198 1216 Plin.
1218 1183 1288 1226 Ep.
1307 1181 1353 1218 iii.
1375 1191 1404 1216 1.
1423 1190 1456 1225 7,
1475 1183 1539 1217 sed
1563 1188 1600 1216 et

271 1243 418 1286 tragica
441 1247 478 1275 et
502 1241 649 1282 comica,
672 1246 711 1273 et
734 1239 804 1273 hoc
828 1239 976 1284 quidem
999 1251 1057 1284 ap.
1077 1240 1197 1285 Apoll.
1216 1240 1343 1275 Sidon.
1360 1252 1390 1274 c.
1407 1239 1499 1275 xxiii.
1525 1248 1599 1282 147.

274 1301 318 1333 In
344 1298 473 1334 ceteris
494 1309 640 1332 mecum
667 1297 775 1332 facit:
815 1308 903 1331 nam
929 1298 1027 1342 quod
1056 1297 1218 1332 Haasius
1240 1305 1276 1332 et
1305 1298 1500 1332 Maduicus
1525 1309 1599 1331 non

270 1364 333 1392 aut
357 1365 442 1403 post
466 1359 598 1391 aetatis
623 1363 685 1391 aut
711 1363 797 1391 ante
822 1357 898 1391 hocv
920 1356 1162 1399 infercierunt,
1186 1356 1222 1390 id
1248 1356 1384 1402 respuit
1408 1364 1598 1402 tamquam

271 1416 460 1451 Velleiano
477 1414 637 1450 acumini
655 1414 776 1449 minus
795 1425 1007 1459 congruum.

317 1485 357 1519 17
377 1483 393 1519 5
421 1473 474 1509 sic
499 1473 645 1509 scribit:
670 1473 784 1508 liuius
809 1485 896 1518 ergo
921 1473 1119 1508 recedentis
1144 1485 1283 1518 usque
1316 1472 1447 1518 [post]
1475 1485 1598 1508 saecu-

272 1535 349 1568 lum
367 1534 604 1578 ingeniorum
621 1531 895 1566 similitudinis.

318 1594 360 1627 18
382 1601 395 1626 1
426 1590 570 1625 scribit:
597 1601 674 1624 una
693 1590 781 1624 urbs
797 1590 927 1624 Attica
946 1589 1125 1634 pluribus
1150 1590 1225 1623 alu
1234 1591 1348 1624 mnis
1371 1590 1598 1634 eloquentiae

274 1678 279 1685 .
302 1679 308 1684 .
328 1649 488 1694 .floruit.

554 1925 636 1961 AD
677 1924 924 1960 LIBRVM
964 1923 1313 1962 SECVNDVM

318 2044 363 2068 10
392 2043 404 2067 1
437 2034 607 2077 Bywater
631 2032 681 2067 sic
707 2032 828 2066 locum
853 2031 1061 2067 constituit:
1099 2033 1187 2066 adeo
1208 2036 1354 2066 mature
1378 2044 1401 2065 a
1423 2033 1530 2066 rectis
1554 2033 1593 2065 in

271 2095 405 2135 brana,
420 2104 442 2125 (ι
454 2092 592 2136 prauis
604 2092 643 2125 in
651 2092 877 2135 praecipitia
883 2092 1128 2135 peruenitur:
1154 2102 1238 2125 curn
1256 2089 1355 2124 enirn
1369 2089 1594 2134 adscriptum

613 2137 643 2162 in
655 2137 733 2162 uitia
813 2146 832 2161 a
846 2137 930 2163 uitiis

272 2172 397 2207 fuisset
416 2185 438 2205 a
457 2174 563 2206 rectis
579 2173 618 2206 in
629 2174 758 2216 praua
776 2184 798 2204 a
808 2173 958 2216 prauis,
970 2170 1145 2216 paulatim
1164 2171 1311 2215 glossae
1329 2181 1423 2215 quae
1439 2170 1593 2211 fuerant,

270 2238 390 2266 textus
409 2237 551 2276 partem
569 2229 685 2264 factas
703 2241 792 2264 esse.

913 2538 970 2568 ¹94
