1799 2864
126 910 164 932 10

129 1234 165 1264 15

721 201 891 238 LIBER
919 202 961 239 II

241 313 484 351 Praeclarum
522 311 744 350 excellentis
778 310 849 348 uiri
887 312 1032 349 factum
1073 312 1115 350 C.
1153 311 1261 350 Senti
1306 310 1502 350 Saturnini
1523 319 1578 356 92

186 377 286 415 circa
316 391 362 415 ea
394 385 570 425 tempora
599 374 769 413 consulis
804 388 853 412 ne
886 376 1084 412 fraudetur
1114 375 1311 413 memoria.
1370 376 1503 413 aberat
1524 394 1538 414 2

186 441 258 494 [in]
298 440 523 480 ordinandis
562 439 678 478 Asiae
717 439 966 490 Orientisque
1004 441 1119 478 rebus
1154 442 1307 487 Caesar,
1344 441 1505 479 circum-

185 509 309 545 ferens
340 514 523 544 terrarum
551 504 634 542 orbi
661 504 878 553 praesentia
902 518 971 542 sua
996 504 1102 553 pacis
1126 518 1218 542 suae
1245 505 1359 542 bona.
1419 513 1502 542 turn

185 572 350 617 Sentius,
372 572 469 608 forte
496 578 533 607 et
562 571 667 607 solus
696 577 734 607 et
759 570 921 608 absente
949 571 1115 609 Caesare
1142 572 1290 617 consul,
1313 584 1403 608 cum
1430 570 1505 608 alia

184 636 309 685 prisca
346 634 550 672 seueritate
588 647 820 683 summaque
858 634 1087 681 constantia,
1127 643 1258 673 uetere
1296 637 1503 673 consulum

184 714 291 739 more
320 706 430 749 atque
458 699 674 749 asperitate,
705 699 896 748 gessisset,
927 700 1174 749 protraxisset
1204 700 1503 749 publicanorum

183 766 338 812 fraudis,
360 765 534 815 punisset
555 765 766 811 auaritiam,
789 765 1011 814 regessisset
1040 765 1079 802 in
1106 765 1295 803 aerarium
1319 766 1504 815 pecunias

182 831 369 880 publicas,
403 838 485 868 tum
517 830 555 867 in
590 829 757 867 comitiis
791 829 982 867 habendis
1016 829 1268 879 praecipuum
1303 830 1379 879 egit
1417 844 1508 868 con-

184 897 331 933 sulem:
380 908 470 932 nam
505 902 542 932 et
573 902 819 943 quaesturam
851 893 1029 943 petentis,
1063 908 1161 944 quos
1196 894 1378 943 indignos
1411 894 1508 932 iudi·
1528 905 1543 934 3

184 960 298 1005 cauit,
320 958 490 1008 profiteri
520 958 654 1005 uetuit,
680 966 728 1004 et,
755 971 845 996 cum
870 958 909 996 id
934 960 1102 997 facturos
1132 972 1173 997 se
1202 967 1506 1008 perseuerarent,

183 1025 439 1070 consularem,
458 1023 489 1061 si
509 1023 548 1060 in
569 1036 752 1072 campum
773 1023 1081 1070 descendissent,
1100 1023 1315 1062 uindictam
1337 1023 1506 1062 minatus

183 1098 252 1136 est,
274 1097 311 1127 et
334 1088 543 1138 Egnatium
568 1090 771 1126 florentem
793 1089 925 1127 fauore
951 1089 1111 1138 publico
1138 1097 1438 1139 sperantemque
1465 1097 1507 1127 ut
1526 1106 1545 1134 4

185 1162 403 1203 praeturam
423 1152 620 1199 aedilitati‚
643 1152 696 1190 ita
715 1154 961 1190 consulatum
982 1162 1183 1203 praeturae
1204 1168 1245 1192 se
1271 1154 1506 1202 iuncturum,

188 1216 390 1270 [profiteri]
413 1217 546 1264 uetuit,
569 1225 607 1255 et
627 1230 716 1255 cum
738 1217 778 1255 id
799 1230 878 1255 non
900 1218 1142 1265 obtinuisset,
1165 1218 1316 1266 iurauit,
1339 1219 1455 1257 etiam
1477 1219 1508 1257 si

186 1287 309 1323 factus
348 1293 448 1323 esset
487 1286 623 1323 consul
662 1284 849 1334 suffragiis
882 1284 1029 1334 populi,
1062 1292 1193 1322 tamen
1228 1298 1268 1322 se
1302 1298 1392 1322 eum
1426 1298 1507 1322 non

184 1352 503 1390 renuntiaturum.
563 1353 671 1401 quod
710 1365 782 1400 ego
821 1353 965 1389 factum
1005 1350 1164 1388 cuilibet
1202 1359 1378 1389 ueterum
1418 1365 1545 1397 con-5

184 1419 311 1455 sulum
350 1417 493 1466 gloriae
531 1418 840 1465 comparandum
888 1429 983 1462 reor,
1024 1415 1097 1453 nisi
1135 1417 1244 1464 quod
1286 1416 1509 1454 naturaliter

184 1482 317 1520 audita
345 1482 438 1520 uisis
467 1483 672 1520 laudamus
702 1481 885 1519 libentius
915 1490 952 1520 et
979 1481 1197 1531 praesentia
1222 1481 1381 1529 inuidia,
1404 1496 1510 1531 prae-

126 1570 140 1590 2
184 1548 295 1585 terita
315 1547 566 1585 ueneratione
592 1547 865 1596 prosequimur
884 1555 921 1585 et
948 1547 1007 1585 his
1031 1560 1103 1585 nos
1130 1547 1253 1593 obrui,
1275 1546 1348 1585 illis
1373 1547 1510 1585 instrui

183 1612 387 1650 credimus.

238 1679 342 1715 Ante
362 1676 572 1714 triennium
593 1678 682 1723 fere,
705 1690 823 1726 quam
847 1677 1108 1726 Egnatianum
1130 1678 1255 1715 scelus
1277 1686 1507 1727 erumperet,
1530 1691 1584 1728 93

185 1741 285 1779 circa
316 1743 506 1779 Murenae
536 1741 826 1790 Caepionisque
858 1741 1136 1779 coniurationis
1167 1749 1332 1791 tempus,
1363 1742 1509 1780 abhinc

184 1820 309 1844 annos
332 1818 365 1853 L,
390 1808 444 1844 M.
462 1808 683 1852 Marcellus,
699 1806 840 1844 sororis
861 1806 1027 1855 Augusti
1049 1806 1238 1845 Octauiae
1259 1806 1371 1854 filius,
1390 1820 1508 1856 quem

128 1886 163 1914 ες
186 1870 366 1908 homines
399 1870 462 1917 ita,
494 1870 524 1908 si
556 1870 652 1919 quid
689 1870 895 1909 accidisset
935 1870 1103 1918 Caesari,
1137 1885 1403 1910 successorem
1442 1886 1509 1922 po-

186 1935 330 1973 tentiae
365 1935 446 1973 eius
484 1936 770 1974 arbitrabantur
803 1938 987 1983 futurum,
1021 1944 1063 1974 ut
1097 1944 1229 1975 tamen
1263 1937 1303 1975 id
1341 1951 1409 1986 per
1449 1940 1505 1976 M.

186 1999 397 2049 Agrippam
439 2013 576 2038 securo
617 2000 651 2038 ei
691 2013 807 2049 posse
847 2000 1073 2050 contingere
1112 2014 1192 2039 non
1232 2001 1506 2050 existimarent,

232 2148 243 2167 1
272 2137 458 2176 preclarum
476 2136 508 2165 A
601 2136 708 2167 Sentii
726 2135 796 2165 AP
880 2146 899 2175 3
917 2137 950 2166 in
962 2136 1019 2167 del.
1034 2136 1192 2166 Heinsius
1280 2147 1298 2175 5
1317 2104 1508 2169 sorte&solus

185 2192 216 2221 A
234 2193 300 2232 (sic)
380 2185 511 2222 (ΣΟ-ΞΑ
530 2201 536 2220 :
561 2191 649 2222 COS
661 2191 694 2221 P
774 2201 790 2229 7
815 2196 914 2229 atque
931 2192 1114 2230 asperitate
1131 2192 1260 2231 scm'psi:
1282 2192 1368 2222 a-sac
1382 2193 1509 2222 seueri-

185 2241 252 2265 tate
269 2236 301 2265 A
330 2236 421 2273 (sidit
448 2245 485 2265 ac
511 2245 619 2265 seuer.
645 2234 696 2265 P:
731 2245 770 2265 ac
793 2235 1047 2273 perseuerantia
1074 2236 1124 2264 uel
1145 2235 1310 2273 grauitate
1332 2235 1506 2275 lVopkens:

184 2289 222 2309 ac
241 2279 381 2309 ueritate
401 2279 450 2308 uel
465 2278 628 2316 grauitate
643 2278 757 2309 Orelli:
783 2289 820 2308 ac
838 2278 1015 2308 sanctitate
1027 2278 1173 2308 Laurent
1260 2280 1279 2308 8
1297 2278 1431 2309 fraudes
1441 2279 1512 2308 ΑΡ

189 2333 227 2354 10
251 2326 408 2361 petentes
425 2321 495 2351 AF
593 2332 678 2360 quos
702 2321 751 2352 P:
791 2322 881 2360 quod
903 2321 937 2351 A
1090 2331 1127 2359 15
1152 2322 1258 2351 uetuit
1275 2322 1333 2352 A:
1358 2323 1507 2361 profiteri

186 2377 293 2407 uetuit
308 2376 342 2406 P
430 2377 468 2405 16
488 2367 578 2406 ‘Cos
595 2376 628 2406 A
646 2387 653 2406 t
677 2376 777 2406 COS.
794 2375 828 2405 P
912 2386 988 2406 eum
1004 2375 1056 2406 P:
1081 2386 1154 2405 cum
1172 2376 1204 2405 A
1295 2386 1337 2406 20
1362 2377 1424 2407 hiis
1437 2377 1506 2414 del„

186 2420 257 2449 dein
273 2425 430 2459 suprascr.
450 2420 501 2450 his
517 2419 550 2449 A
642 2429 681 2458 23
698 2420 739 2448 ab
751 2419 826 2449 hinc
837 2418 870 2448 A
948 2429 988 2457 24
1003 2419 1128 2449 sororis
1142 2419 1364 2458 bz'spostmore
1373 2431 1461 2450 craso
1473 2420 1504 2450 A

186 2473 226 2504 25
251 2462 407 2504 Caesariss
419 2464 451 2493 A
586 2473 624 2502 27
650 2472 788 2493 securos
803 2462 892 2493 AP:
915 2473 1035 2493 secure
1052 2463 1101 2493 vel
1115 2463 1267 2493 securius
1283 2463 1466 2494 Rhenanus

791 2522 849 2554 105
