1799 2864
106 950 144 971 10

720 238 890 276 LIBER
920 238 937 276 I

167 349 345 397 nitamur,
376 349 654 399 conquirimus,
689 348 942 399 sequiturque
971 356 1012 387 ut
1045 350 1227 399 frequens
1255 362 1302 387 ac
1331 350 1487 388 mobilis

166 414 347 452 transitus
368 413 580 451 maximum
600 413 760 463 perfecti
781 413 908 463 operis
928 413 1256 463 impedimentum
1277 414 1334 451 sit.

220 478 374 517 Transit
393 478 598 516 admiratio
617 478 668 516 ab
688 477 922 516 condicione
942 486 1164 527 temporum
1184 485 1222 516 et
1245 479 1295 516 ad
1315 478 1481 516 urbium.
1506 483 1547 520 18

167 557 244 581 una
264 543 354 581 urbs
374 542 505 580 Attica
529 543 704 592 pluribus
731 542 859 581 omnis
886 542 1133 592 eloquentiae
1159 556 1278 593 quam
1305 543 1485 581 uniuersa

166 607 329 646 Graecia
351 607 534 656 operibus
555 621 680 658 usque
706 607 835 646 floruit
860 608 961 646 adeo
987 615 1029 645 ut
1049 621 1213 657 corpora
1231 607 1357 657 gentis
1384 608 1484 645 illius

164 680 339 721 separata
364 672 440 710 sint
466 672 506 710 in
532 673 625 711 alias
652 672 829 720 ciuitatis,
852 672 1007 722 ingenia
1036 686 1129 711 uero
1156 672 1247 711 solis
1274 672 1486 710 Athenien-

164 737 264 775 sium
286 737 404 775 muris
428 739 559 776 clausa
579 737 785 776 existimes.
844 750 973 786 neque
994 738 1070 775 hoc
1090 750 1162 787 ego
1183 736 1305 786 magis
1326 736 1485 775 miratus
1509 752 1521 771 2

163 802 236 840 sim
266 815 384 852 quam
414 802 612 840 neminem
638 802 827 852 Argiuum
857 802 1093 840 Thebanum
1125 802 1484 840 Lacedaemonium

163 875 354 905 oratorem
371 875 437 905 aut
453 869 548 906 dum
564 867 658 905 uixit
673 867 902 905 auctoritate
916 875 983 905 aut
1002 875 1091 916 post
1112 874 1278 905 mortem
1298 867 1486 905 memoria

162 932 325 982 dignum
355 932 627 970 existimatum.
687 945 788 982 quae
818 932 934 970 urbes
965 938 1003 969 et
1034 931 1073 969 in
1105 931 1322 969 imitamina
1350 931 1484 970 talium
1509 946 1526 975 3,

163 997 381 1035 studiorum
420 998 526 1036 fuere
564 997 722 1044 steriles,
758 996 832 1034 nisi
870 996 1028 1034 Thebas
1072 1010 1195 1034 unum
1237 1010 1280 1035 os
1329 996 1485 1035 Pindari

163 1062 434 1100 inluminaret:
464 1075 555 1100 nam
576 1063 769 1100 Alcmana
790 1063 967 1099 Lacones
988 1062 1085 1099 falso
1106 1061 1179 1099 sibi
1199 1061 1412 1100 uindicant.

210 1176 223 1196 1
251 1165 284 1195 in
301 1166 392 1204 quod
410 1165 576 1196 enitamur
591 1165 749 1195 Heinsius
844 1174 864 1203 3
888 1165 929 1194 ad
948 1164 1176 1195 conditionem
1193 1163 1270 1204 ΑΡ,
1289 1174 1351 1194 em.
1366 1163 1488 1204 Sclzegk

163 1221 181 1248 4
207 1210 314 1240 omnis
341 1209 490 1248 Froelich,
515 1208 605 1248 quod
623 1209 776 1249 probauit
797 1207 927 1248 Haupt,
950 1208 1067 1238 Herm.
1091 1207 1156 1237 viii.
1179 1217 1263 1246 177:
1297 1208 1395 1237 annis
1420 1207 1491 1236 ΑΡ

163 1263 181 1291 5
207 1253 364 1292 operibus
392 1262 501 1291 usque
527 1252 678 1292 Popma:
715 1252 941 1291 operibusque
970 1250 1039 1280 ΑΡ
1060 1250 1151 1290 quod
1172 1250 1321 1280 retinebat
1345 1251 1486 1290 Haupt:

163 1297 322 1336 operibus
339 1295 451 1326 floruit
471 1305 577 1334 usque
596 1296 682 1325 adeo
698 1295 766 1325 iam
783 1294 973 1325 Acidalius:
1002 1294 1150 1333 pluribus
1175 1294 1355 1324 luminibus
1377 1294 1486 1324 omnis

163 1351 190 1371 e.
206 1351 237 1379 q.
251 1351 282 1369 u.
295 1340 334 1370 G.
347 1339 574 1379 operibusque
592 1339 623 1369 ss.
641 1339 726 1368 Boot
855 1339 876 1367 6
899 1339 932 1367 in
949 1338 1030 1368 alias
1046 1337 1113 1367 alia
1128 1338 1247 1377 Haupt
1334 1338 1487 1368 ciuitates

163 1383 234 1412 ΑΡ
426 1393 442 1421 7
468 1383 533 1413 hoc
556 1392 620 1421 ego
639 1382 696 1412 A:
723 1391 788 1420 ego
812 1381 875 1411 hoc
892 1381 926 1411 P
1130 1382 1150 1410 8
1173 1391 1248 1411 εει-Βῆ
1270 1381 1332 1410 sim
1356 1381 1389 1411 A
1416 1382 1484 1419 (sicN

163 1427 349 1456 theuanum
366 1427 399 1456 A
573 1436 610 1456 10
635 1425 929 1464 existimatumque
944 1425 1012 1455 AB
1026 1435 1033 1453 :
1061 1435 1090 1455 e.
1105 1435 1190 1463 quae
1202 1424 1235 1454 P
1330 1428 1363 1454 et
1380 1434 1443 1455 om.
1458 1423 1490 1453 P

165 1471 197 1499 in
215 1470 399 1500 imitamina
415 1470 546 1509 scripsi:
575 1470 607 1499 in
627 1469 723 1499 Italia
739 1469 771 1498 A
789 1480 796 1498 :
821 1468 948 1498 initalia
964 1468 1016 1498 B:
1041 1478 1105 1498 om.
1122 1468 1172 1498 P:
1200 1468 1234 1497 in
1251 1467 1316 1497 alia
1331 1467 1486 1508 Sauppe:

164 1514 306 1544 eximiae
320 1513 401 1543 alias
415 1513 543 1551 Faehse,
553 1513 710 1553 probante
723 1512 852 1552 Haupt,
871 1511 988 1543 Herm.
1000 1511 1067 1542 viii.
1083 1521 1139 1549 177
1207 1511 1324 1541 Italiae
1338 1510 1388 1541 ln'c
1401 1511 1487 1541 locus

164 1567 228 1586 uon
245 1560 312 1585 erat
409 1566 444 1586 11
465 1556 529 1586 nisi
541 1556 606 1585 ΒΑ
625 1567 632 1586 z
652 1555 686 1585 ni
699 1554 732 1584 P
782 1555 904 1595 unum]
921 1560 1008 1586 v.m'1.
1023 1555 1056 1584 A
1073 1555 1141 1593 (sic)
1236 1564 1274 1584 12
1293 1557 1369 1594 post
1379 1554 1485 1584 uindi—

163 1605 242 1630 cant
276 1603 430 1630 secuntur
443 1600 476 1629 in
507 1600 539 1629 A
576 1598 743 1629 VELLEI
784 1598 1045 1628 PATERCVLI
1087 1597 1151 1627 AD
1189 1596 1234 1628 M.
1269 1597 1483 1627 V1N1T1VM

164 1643 304 1673 LIBER
329 1643 504 1673 PRIMVS
526 1642 728 1672 EXPLIQT
741 1641 805 1680 sol.
832 1649 880 1680 5¹¹.
899 1641 982 1671 Dein
992 1642 1056 1680 sol.
1070 1639 1116 1679 5¹³,
1136 1641 1226 1670 acius
1241 1640 1349 1670 chan'a
1366 1640 1490 1679 alioqui

162 1691 244 1716 caret
267 1688 435 1727 scriptura,
461 1685 629 1716 VELLEI
660 1684 923 1715 PATERCVLI
952 1685 1016 1714 AD
1041 1684 1083 1723 Q.
1101 1683 1314 1714 VINICIVM
1344 1683 1485 1713 LIBER

162 1730 417 1768 SECVNDVS,
462 1740 541 1760 mox
584 1730 617 1760 in
653 1728 716 1768 sol.
755 1730 792 1758 6Σι
833 1728 1006 1759 INCIPIT
1054 1727 1192 1758 LIBER
1242 1727 1484 1758 SECVNDVS

162 1773 403 1804 FELICITER
429 1775 460 1803 A
