1799 2864
625 201 825 237 VELLEI
858 200 1174 239 PATERCVLI

237 313 338 350 facto
355 311 437 350 eius
453 311 956 362 expediebat—petendum
974 326 1059 351 esse
1075 310 1323 362 sanguinem)
1341 319 1561 351 conuocato

200 388 217 417 3
236 384 384 422 senatu,
407 389 497 414 cum
522 376 598 414 iam
628 377 845 423 Dolabella,
868 390 986 426 quem
1011 377 1290 415 substituturus
1319 376 1392 415 sibi
1419 378 1563 415 Caesar

235 439 506 489 designauerat
549 442 763 487 consulem,
800 440 913 478 fascis
951 448 1069 490 atque
1108 440 1273 490 insignia
1316 440 1563 490 corripuisset

236 505 419 552 consulis,
453 507 560 543 uelut
594 506 700 555 pacis
733 514 870 543 auctor
899 505 1041 544 liberos
1071 519 1162 544 suos
1192 506 1351 544 obsides
1382 505 1420 542 in
1452 505 1565 554 Capi-

237 569 373 608 tolium
417 571 521 608 misit
569 572 768 620 fidemque
807 570 1077 609 descendendi
1125 578 1209 609 tuto
1252 570 1564 609 interfectoribus
1585 587 1600 615 5

198 647 216 673 4
238 634 415 673 Caesaris
445 635 564 673 dedit.
623 643 661 672 et
691 634 788 672 illud
818 634 964 672 decreti
994 634 1296 685 Atheniensium
1324 634 1565 673 celeberrimi

237 701 472 749 exemplum,
513 702 675 738 relatum
719 713 741 737 a
780 699 983 746 Cicerone,
1025 699 1235 738 obliuionis
1274 699 1564 749 praeteritarum

239 778 365 802 rerum
388 766 545 803 decreto
566 773 719 814 patrum
741 765 1042 814 comprobatum
1064 772 1131 802 est.

165 834 220 871 59
294 829 471 868 Caesaris
499 829 643 867 deinde
670 836 947 867 testamentum
974 837 1152 878 apertum
1179 837 1247 875 est,
1275 842 1354 879 quo
1382 830 1425 868 C.
1453 829 1567 867 Octa-

241 893 359 940 uium,
397 902 581 943 nepotem
614 894 755 932 sororis
787 907 880 932 suae
915 894 1050 940 Iuliae,
1081 895 1306 944 adoptabat.
1378 895 1428 932 de
1457 894 1567 931 cuius

203 973 217 993 2
239 957 397 1007 origine,
431 958 547 996 etiam
581 957 611 995 si
640 958 878 1007 praeueniet,
909 972 1035 1008 pauca
1063 958 1233 997 dicenda
1262 966 1361 996 sunt.
1420 958 1491 996 fuit
1521 959 1565 997 C.

239 1021 429 1060 Octauius
464 1030 506 1060 ut
537 1036 617 1060 non
649 1022 820 1072 patricia,
854 1022 907 1061 ita
939 1024 1158 1061 admodum
1190 1022 1368 1072 speciosa
1400 1022 1570 1072 equestri

238 1087 391 1136 genitus
413 1087 568 1134 familia,
591 1087 729 1137 grauis,
753 1096 922 1134 sanctus,
944 1088 1146 1135 innocens,
1170 1088 1291 1126 diues.
1333 1087 1397 1125 hic
1417 1094 1570 1136 praetor

238 1152 337 1189 inter
358 1152 623 1191 nobilissimos
644 1153 748 1191 uiros
769 1161 921 1191 creatus
942 1153 1068 1202 primo
1093 1155 1193 1200 loco,
1216 1167 1306 1191 cum
1332 1152 1367 1190 ei
1395 1151 1568 1201 dignatio

242 1217 342 1254 Iulia
374 1217 546 1266 genitam
586 1218 718 1256 Atiam
757 1218 1004 1257 conciliasset
1041 1232 1214 1265 uxorem,
1251 1232 1297 1256 ex
1335 1231 1382 1256 eo
1420 1219 1570 1255 honore
1613 1233 1628 1263 ,-

240 1281 396 1319 sortitus
429 1282 710 1320 Macedoniam
739 1285 1037 1332 appellatusque
1067 1283 1106 1320 in
1137 1296 1183 1321 ea
1211 1282 1432 1332 imperator,
1461 1283 1572 1320 dece-

240 1347 338 1384 dens
358 1348 409 1384 ad
430 1347 658 1396 petitionem
683 1350 909 1386 consulatus
931 1348 1028 1386 obiit
1052 1355 1292 1397 praetextato
1316 1347 1451 1385 relicto
1479 1345 1569 1383 filio.

202 1428 219 1458 3
241 1424 359 1459 quem
399 1412 442 1450 C.
479 1412 633 1459 Caesar,
671 1412 794 1451 maior
832 1412 915 1451 eius
953 1414 1183 1459 auunculus,
1218 1413 1428 1450 educatum
1467 1411 1573 1460 apud

244 1474 468 1524 Philippum
490 1476 671 1514 uitricum
697 1476 831 1515 dilexit
858 1485 900 1515 ut
928 1491 1054 1523 suum,
1078 1485 1294 1526 natumque
1317 1489 1442 1514 annos
1466 1487 1570 1512 XVIII

245 1539 520 1589 Hispaniensis
542 1541 701 1580 militiae
721 1543 954 1580 adsecutum
981 1556 1021 1580 se
1048 1550 1185 1592 postea
1211 1541 1396 1580 comitem
1423 1539 1571 1583 habuit,

243 1618 460 1654 numquam
480 1613 547 1643 aut
567 1606 644 1644 alio
664 1620 778 1644 usum
801 1606 972 1655 hospitio
994 1620 1112 1656 quam
1133 1620 1205 1644 suo
1225 1613 1290 1644 aut
1314 1605 1391 1643 alio
1415 1612 1572 1642 uectum

203 1685 222 1713 4
243 1669 438 1715 uehiculo,
462 1670 792 1720 pontificatusque
819 1670 1039 1709 sacerdotio
1066 1684 1231 1720 puerum
1259 1668 1477 1708 honorauit.
1537 1675 1573 1706 et

245 1734 402 1783 patratis
424 1734 535 1772 bellis
557 1734 738 1773 ciuilibus
758 1736 809 1773 ad
829 1734 1086 1773 erudiendam
1108 1734 1332 1773 liberalibus
1359 1732 1574 1782 disciplinis

245 1798 448 1847 singularis
496 1799 671 1837 indolem
719 1799 872 1837 iuuenis
920 1799 1172 1848 Apolloniam
1221 1812 1312 1837 eum
1360 1798 1398 1835 in
1448 1796 1576 1835 studia

247 1863 412 1909 miserat,
454 1877 544 1902 mox
593 1864 685 1902 belli
724 1864 852 1903 Getici
898 1878 944 1902 ac
983 1863 1127 1902 deinde
1166 1863 1334 1901 Parthici
1373 1862 1576 1900 habiturus
1620 1876 1635 1904 5

247 1927 569 1966 commilitonem.
629 1928 692 1966 cui
723 1937 765 1966 ut
799 1936 857 1967 est
891 1928 1113 1966 nuntiatum
1145 1929 1194 1966 de
1225 1929 1347 1966 caede
1377 1925 1574 1972 auunculi,

292 2043 305 2064 1
333 2043 409 2063 esse
427 2043 490 2063 om.
510 2034 542 2063 in
561 2037 657 2070 textu,
677 2038 776 2073 snper
790 2044 920 2064 uersum
938 2032 1010 2065 add.
1030 2032 1065 2063 A
1155 2043 1174 2062 2
1201 2030 1422 2062 DolobellaP
1476 2041 1575 2069 quam

245 2076 498 2107 substiturusA
590 2087 610 2115 3
635 2077 735 2108 COS.
762 2076 796 2107 P
864 2077 973 2107 fasces
989 2076 1060 2106 AF
1144 2086 1164 2113 4
1188 2076 1336 2106 consulis
1352 2075 1411 2105 A:
1436 2073 1581 2105 COS.P

245 2122 266 2150 6
283 2120 439 2150 Caesaris
450 2130 515 2150 om.
535 2121 565 2149 ιή
585 2124 682 2156 textu,
700 2125 799 2159 snper
812 2131 944 2150 uersum
961 2120 1034 2152 add.
1051 2118 1085 2149 A
1181 2130 1216 2149 11
1236 2119 1436 2158 praeueniet
1449 2118 1575 2157 scm'psi:

247 2163 425 2202 praeuenit
442 2168 475 2193 et
491 2163 580 2193 AP:
598 2164 765 2203 praenitet
776 2163 1028 2204 Heinsinsprob.
1040 2162 1147 2194 Bentl.
1164 2174 1170 2193 :
1188 2173 1248 2202 per
1258 2173 1295 2193 se
1307 2161 1577 2192 nitetBurnmnn

251 2217 287 2236 12
313 2207 448 2246 patritia
471 2206 504 2236 A
613 2207 765 2246 spetiose
789 2207 821 2236 A
963 2217 1000 2246 13
1024 2210 1161 2246 praeter
1183 2206 1217 2236 A
1358 2215 1394 2244 15
1420 2205 1496 2234 iulia
1520 2204 1579 2234 A&

247 2251 396 2289 genitam
413 2250 524 2280 Atiam
540 2249 574 2280 A
590 2262 596 2281 ε
624 2250 707 2280 Iulia
724 2261 754 2290 g.
773 2250 912 2281 Acciam
930 2250 964 2280 P
1051 2251 1090 2280 16
1114 2249 1146 2280 in
1165 2260 1239 2280 eam
1260 2248 1337 2288 ΑΡ,
1353 2259 1413 2279 em.
1433 2248 1580 2279 Gelenius

251 2304 288 2333 19
313 2304 384 2323 xvu
400 2293 595 2333 Oudendorp
694 2304 728 2324 21
760 2304 932 2333 nunquam
949 2292 982 2323 A
1074 2304 1116 2332 23
1140 2293 1281 2332 patratis
1292 2292 1423 2323 Aldus:
1452 2291 1579 2330 paratis

247 2337 337 2367 AF:
363 2337 510 2376 peractis
541 2336 689 2367 Gelenius
888 2338 930 2368 ad
961 2337 1183 2367 erudiendum
1215 2347 1242 2367 s.
1272 2336 1393 2365 indolis
1421 2335 1579 2365 iuuenem

253 2379 457 2410 Vascosrmus
481 2383 511 2409 et
536 2381 580 2409 sic
602 2380 735 2418 Bentley
959 2381 1179 2411 erudiendam
1205 2380 1237 2409 A
1257 2391 1264 2411 :
1304 2379 1525 2410 erudiendum
1552 2377 1583 2407 P

248 2433 290 2462 25
316 2423 425 2454 Getici
443 2423 477 2454 A
495 2435 502 2454 :
527 2424 662 2455 Gothici
680 2424 713 2454 P
841 2425 883 2454 26
907 2424 1099 2455 nunciatum
1118 2424 1150 2454 A

898 2515 936 2556 7⁶
