1799 2864
667 222 869 259 VELLEI
902 222 1219 261 PATERCVLI

285 331 593 382 memoriamque
613 333 792 379 futuram,
808 340 985 370 reuectus
1002 332 1041 370 in
1060 332 1211 371 Italiam
1233 334 1339 372 haud
1360 334 1469 383 plura
1489 346 1606 382 quam

284 407 372 433 xxx
392 404 629 435 armatorum
646 397 751 435 milia
766 398 974 435 aduersum
991 409 1039 435 cc
1055 398 1221 447 amplius
1243 398 1414 436 hostium
1431 397 1609 447 exposuit

245 478 264 506 4
285 461 493 499 Brundisii.
539 461 604 499 uix
619 462 835 511 quidquam
853 462 891 499 in
909 464 1038 500 Sullae
1059 463 1242 512 operibus
1263 463 1402 501 clarius
1419 462 1606 508 duxerim,

284 539 402 575 quam
442 528 550 576 quod
588 541 677 565 curn
718 541 785 576 per
823 527 1031 565 triennium
1079 528 1282 567 Cinnanae
1329 528 1608 578 Marianaeque

284 599 410 639 partes
447 592 600 629 Italiam
632 592 868 638 obsiderent,
905 606 1034 641 neque
1068 592 1277 631 inlaturum
1312 607 1353 631 se
1384 594 1531 631 bellum
1563 592 1608 630 iis

283 655 544 694 dissimulauit
564 670 637 694 nec
658 657 765 705 quod
782 664 862 694 erat
882 655 921 693 in
939 656 1120 694 manibus
1136 657 1277 704 omisit,
1295 657 1608 707 existimauitque

282 728 373 758 ante
402 721 659 769 frangendum
690 720 794 758 bello
826 721 979 758 hostem
1015 733 1132 769 quarn
1164 721 1433 760 ulciscendum
1468 722 1607 767 ciuem,

283 786 518 834 repulsoque
543 793 702 822 externo
730 792 847 830 metu,
870 784 938 822 ubi
965 786 1074 834 quod
1104 785 1275 823 alienum
1308 794 1409 823 esset
1440 786 1607 829 uicisset,

249 867 260 874 -
284 854 304 883 †
319 856 516 898 superaret
537 850 645 898 quod
661 856 740 886 erat
757 848 1030 886 domesticum.
1080 858 1171 887 ante
1186 851 1401 887 aduentum
1421 852 1461 888 L.
1481 852 1610 888 Sullae

285 913 413 952 Cinna
434 913 627 951 seditione
647 921 731 951 orta
750 913 800 951 ab
821 913 991 951 exercitu
1012 913 1268 963 interemptus
1289 922 1357 960 est,
1381 914 1439 951 uir
1459 914 1612 964 dignior

284 978 350 1028 qui
382 978 540 1016 arbitrio
571 978 764 1016 uictorum
800 986 1013 1016 moreretur
1043 992 1161 1028 quam
1197 979 1397 1017 iracundia
1431 979 1608 1017 militum.

284 1044 333 1081 de
355 1057 433 1093 quo
455 1056 545 1081 uere
566 1042 644 1081 dici
664 1050 804 1092 potest,
826 1057 964 1081 ausum
985 1057 1057 1081 esse
1081 1057 1170 1081 eum
1193 1057 1293 1093 quae
1313 1057 1431 1082 nemo
1452 1045 1612 1082 auderet

284 1108 423 1153 bonus,
446 1107 653 1156 perfecisse
674 1120 775 1156 quae
794 1121 817 1145 a
838 1109 945 1146 nullo
966 1107 1039 1145 nisi
1055 1108 1266 1146 fortissimo
1286 1108 1418 1157 perfici
1439 1117 1610 1158 possent,

286 1180 323 1211 et
355 1173 472 1210 fuisse
506 1186 597 1211 eum
627 1172 666 1210 in
696 1174 959 1211 consultando
990 1173 1249 1220 temerarium,
1285 1174 1325 1211 in
1359 1175 1611 1223 exsequendo

287 1237 424 1275 uirum.
485 1238 616 1277 Carbo
637 1239 745 1275 nullo
766 1239 929 1276 suffecto
950 1240 1100 1288 collega
1119 1240 1225 1277 solus
1246 1246 1329 1277 toto
1349 1253 1454 1277 anno
1475 1240 1612 1277 consul

286 1302 366 1339 fuit.

213 1380 264 1417 25
338 1369 498 1404 Putares
531 1367 678 1405 Sullam
711 1366 866 1404 uenisse
898 1367 937 1404 in
971 1367 1125 1405 Italiam
1157 1381 1237 1406 non
1272 1367 1364 1406 belli
1398 1368 1608 1413 uindicem,

283 1433 353 1470 sed
373 1432 480 1481 pacis
500 1439 724 1469 auctorem:
755 1439 862 1469 tanta
889 1446 979 1470 cum
1007 1432 1137 1482 quiete
1165 1433 1375 1471 exercitum
1406 1446 1474 1482 per
1503 1434 1613 1472 Cala-

284 1496 407 1534 briam
447 1496 712 1545 Apuliamque
751 1509 841 1534 cum
876 1496 1059 1546 singulari
1090 1511 1182 1535 cura
1219 1499 1383 1547 frugum,
1419 1511 1610 1547 agrorum,

283 1561 502 1608 hominurn,
543 1561 698 1599 urbium
732 1561 912 1610 perduxit
950 1562 989 1600 in
1029 1562 1287 1612 Campaniam
1327 1563 1613 1612 temptauitque

283 1626 392 1664 iustis
422 1626 572 1675 legibus
605 1634 642 1663 et
675 1625 810 1675 aequis
842 1626 1143 1665 condicionibus
1173 1627 1318 1665 bellum
1350 1641 1612 1677 componerej

283 1693 353 1729 sed
383 1691 439 1737 iis,
463 1690 605 1740 quibus
636 1699 673 1728 et
700 1690 870 1740 pessima
901 1699 938 1729 et
965 1691 1165 1729 inmodica
1192 1692 1385 1741 cupiditas
1413 1700 1504 1739 erat,
1532 1705 1610 1730 non

251 1779 255 1784 ‚
284 1763 435 1805 poterat
448 1768 522 1804 pax
535 1756 698 1804 placere.
742 1756 941 1793 crescebat
955 1755 1109 1794 interim
1126 1755 1165 1793 in
1182 1756 1265 1794 dies
1280 1758 1409 1794 Sullae
1422 1756 1611 1794 exercitus

284 1820 575 1859 confluentibus
595 1821 646 1857 ad
673 1834 763 1858 eum
792 1820 943 1869 optimo
970 1834 1129 1870 quoque
1161 1829 1198 1859 et
1230 1821 1446 1859 sanissimo.
1507 1821 1609 1859 felici

328 1948 347 1967 2
373 1946 442 1966 xxx
452 1935 485 1964 A
503 1946 510 1965 ε
531 1929 605 1965 ffi
621 1934 654 1964 P
738 1945 776 1965 cc
793 1935 825 1964 A
843 1947 850 1965 :
873 1935 921 1966 ff.
938 1934 971 1964 P
1067 1946 1086 1974 3
1112 1936 1293 1965 Brundusii
1311 1935 1381 1965 AF
1438 1936 1613 1975 quicquam

285 1980 355 2010 ΑΡ
470 1989 486 2017 7
511 1979 634 2009 bel-lum
666 1979 797 2009 hostem
814 1978 847 2008 A
868 1978 951 2008 mide
967 1979 1054 2009 bello
1071 1979 1183 2009 addidi
1289 1989 1309 2017 9
1332 1985 1508 2018 superaret
1524 1979 1614 2009 AF:

284 2024 318 2053 in
335 2023 550 2053 anacoluthon
568 2022 711 2052 incidisse
741 2022 776 2052 V.
788 2023 928 2062 putabat
951 2023 985 2052 K
989 2023 1057 2063 rita,
1076 2022 1184 2052 Halm
1203 2023 1418 2062 neglcgenlius
1436 2023 1614 2062 scm’psisse:

286 2067 370 2096 miln'
390 2071 566 2105 superaret
594 2066 807 2105 imperatiuns
835 2066 963 2095 uidetur
982 2076 1046 2096 esse
1075 2066 1198 2096 inlatus
1229 2077 1316 2095 more
1353 2066 1549 2105 Thucydideo
1580 2070 1615 2096 ut

284 2113 482 2140 strucmranfz
509 2109 669 2139 uariaret:
703 2114 737 2139 ut
765 2114 940 2148 superaret
966 2109 1076 2139 Hand
1221 2119 1257 2138 12
1282 2120 1400 2139 ausum
1426 2109 1479 2141 P:
1511 2120 1613 2139 ausus

284 2157 429 2192 sequente
454 2153 468 2183 s
488 2163 569 2192 qnae
588 2156 662 2191 post
685 2152 782 2182 deleta
805 2156 851 2182 cst
872 2152 904 2181 A
924 2164 930 2183 :
962 2163 1081 2183 ausum
1102 2163 1177 2183 esse
1203 2153 1305 2183 Orelli
1322 2156 1507 2192 poterasque
1530 2158 1613 2183 aussi

286 2197 351 2228 esse
372 2197 405 2227 in
428 2196 464 2226 id
481 2196 564 2226 abire
591 2195 679 2235 quod
695 2200 781 2226 exta!
805 2197 837 2226 in
862 2196 894 2225 A
923 2196 1047 2226 amissa
1066 2197 1172 2236 priore
1193 2206 1222 2234 e,
1243 2197 1415 2237 postem'ore
1442 2200 1514 2226 ante
1538 2207 1613 2226 eum

286 2241 436 2280 absorpta
571 2250 608 2278 13
634 2239 833 2278 perfecisset
850 2240 882 2269 A
987 2239 1064 2280 nisi]
1079 2240 1117 2270 *si
1134 2239 1167 2268 A
1269 2245 1384 2279 posset
1401 2240 1433 2268 A
1576 2249 1612 2277 14

287 2285 431 2314 eundem
452 2283 552 2313 Orelli
624 2282 803 2322 exeq.AP
924 2293 960 2321 15
986 2284 1092 2313 uirum
1107 2282 1195 2313 AF:
1221 2284 1398 2322 prouidum
1418 2283 1612 2313 Cornelissen

287 2339 328 2357 20
353 2327 562 2365 tentauitque
579 2326 612 2355 P
741 2337 782 2356 :22
806 2327 866 2356 sed
891 2325 930 2356 {Te}
952 2327 991 2357 iis
1008 2327 1040 2356 A
1068 2327 1158 2367 (διὸς
1192 2337 1274 2356 num
1295 2332 1306 2356 ῑ
1333 2327 1380 2357 is?
1470 2336 1525 2356 res
1541 2331 1614 2356 aule

287 2371 433 2410 pessima
459 2370 534 2400 add.
559 2369 746 2400 Ruhnken:
779 2380 857 2408 spes
884 2370 1031 2410 Βεννιιψε
1179 2380 1219 2408 23
1244 2371 1417 2400 crescebat
1443 2369 1514 2405 del„
1541 2369 1610 2399 (ἴε-ὼ

286 2420 443 2454 suprascr.
465 2415 639 2444 crescebat
655 2413 687 2442 A
801 2424 842 2452 24
867 2419 900 2444 et
917 2413 961 2449 A,
982 2424 1046 2444 om.
1064 2412 1103 2451 P,
1121 2413 1178 2443 sed
1192 2414 1299 2443 Burer
1317 2417 1452 2443 testatur
1465 2413 1612 2442 habuisse

287 2458 529 2488 vaacenscm
547 2462 579 2487 et
597 2457 777 2488 sanissimo

927 2552 967 2580 42

1635 927 1670 947 10

1634 1577 1672 1596 20
