1799 2864
127 919 165 940 10

127 1560 166 1581 20

722 216 891 252 LIBER
922 217 964 253 II

186 338 273 362 eum
297 323 423 373 ipsum
451 323 592 368 locum,
615 335 692 371 qua
718 335 785 360 cor
815 321 966 368 emicat,
991 321 1193 371 impellens
1224 336 1264 360 se
1294 322 1332 360 in
1364 324 1505 360 uulnus

186 403 265 427 uno
286 389 363 426 ictu
385 388 588 426 transfixus
609 386 815 435 exspirauit
836 394 1032 435 protenus.

241 454 434 498 Messalla,
457 450 761 500 fulgentissimus
793 450 956 497 iuuenis,
979 450 1176 500 proximus
1204 450 1242 488 in
1274 451 1346 489 illis
1374 451 1505 489 castris
1524 462 1565 500 71

186 518 294 555 Bruti
326 516 515 565 Cassique
552 515 781 561 auctoritati,
818 529 907 553 cum
950 523 1079 553 essent
1124 515 1190 565 qui
1235 529 1325 554 eum
1364 518 1505 554 ducem

186 589 399 631 poscerent,
427 580 569 618 seruari
602 580 794 618 beneficio
826 580 1002 619 Caesaris
1034 580 1169 618 maluit
1200 593 1318 629 quam
1346 580 1506 618 dubiam

184 659 292 694 spem
313 658 508 682 armorum
527 652 715 693 temptare
730 644 896 693 amplius
914 659 921 690 3
951 658 1023 682 nec
1038 652 1105 682 aut
1121 644 1277 683 Caesari
1292 644 1506 693 quidquam

184 724 230 747 ex
259 708 429 747 uictoriis
460 708 537 746 suis
570 708 639 745 fuit
671 708 807 745 laetius
839 722 957 757 quam
988 722 1161 747 seruasse
1194 708 1411 747 Coruinum
1442 716 1508 746 aut

185 773 308 811 maius
338 775 561 822 exemplum
592 772 761 810 hominis
791 773 885 822 grati
917 787 962 810 ac
993 773 1056 822 pii,
1091 786 1208 822 quam
1244 773 1439 812 Coruinus
1469 772 1507 810 in

185 839 392 877 Caesarem
423 837 503 875 fuit.
563 851 642 875 non
674 837 780 875 aliud
811 838 956 875 bellum
984 837 1179 875 cruentius
1207 839 1327 876 caede
1351 837 1510 875 clarissi—

184 915 337 940 morum
375 900 546 938 uirorum
584 900 665 938 fuit.
724 908 807 938 tum
840 900 1001 940 Catonis
1032 901 1133 939 filius
1164 901 1329 949 cecidit,
1371 903 1509 939 eadem
1532 921 1544 940 ε

186 967 393 1003 Lucullum
428 964 777 1014 Hortensiumque,
801 965 1198 1003 eminentissimorum
1227 965 1371 1003 ciuium
1397 965 1508 1012 filios,

184 1031 339 1068 fortuna
358 1029 517 1067 abstulit
535 1044 544 1077 3
574 1043 664 1067 nam
686 1032 808 1068 Varro
828 1031 878 1068 ad
900 1030 1110 1068 ludibrium
1132 1030 1340 1068 moriturus
1361 1030 1509 1068 Antoni
1532 1041 1548 1070 3

184 1094 302 1144 digna
323 1094 388 1132 illo
409 1108 454 1132 ac
475 1108 566 1132 uera
586 1095 636 1132 de
663 1094 765 1132 exitu
793 1094 875 1132 eius
896 1108 1037 1144 magna
1057 1109 1146 1133 cum
1168 1095 1344 1133 libertate
1365 1095 1511 1133 omina-

184 1168 245 1197 tus
280 1167 346 1197 est.
408 1161 559 1197 Drusus
595 1158 740 1206 Liuius,
775 1159 897 1197 Iuliae
931 1162 1131 1208 Augustae
1164 1168 1282 1209 pater,
1319 1168 1356 1198 et
1385 1162 1510 1197 Varus

186 1223 411 1272 Quintilius,
435 1237 484 1261 ne
508 1231 696 1272 temptata
728 1223 887 1272 quidem
915 1223 1036 1261 hostis
1059 1224 1332 1271 misericordia,
1354 1226 1449 1262 alter
1470 1237 1511 1262 se

187 1288 268 1337 ipse
300 1287 339 1325 in
367 1288 619 1325 tabernaculo
646 1287 851 1335 interemit,
874 1290 999 1326 Varus
1019 1297 1149 1327 autem
1172 1288 1308 1336 liberti,
1331 1302 1449 1338 quem
1470 1288 1510 1327 id

186 1354 311 1390 facere
332 1360 521 1401 coegerat,
544 1366 674 1399 manu,
697 1366 786 1390 cum
808 1366 848 1391 se
870 1352 1085 1403 insignibus
1112 1355 1306 1392 honorum
1332 1355 1509 1400 uelasset,

186 1417 379 1466 iugulatus
401 1425 467 1454 est.

242 1484 364 1519 Hunc
391 1481 535 1519 exitum
570 1483 623 1519 M.
650 1482 758 1519 Bruti
784 1482 950 1532 partium
983 1483 1192 1533 septimum
1214 1491 1251 1521 et
1273 1483 1509 1521 tricesimum
1530 1495 1579 1534 72

185 1561 332 1584 annum
354 1546 502 1595 agentis
523 1548 677 1584 fortuna
697 1561 781 1585 esse
808 1547 942 1594 uoluit,
966 1547 1189 1598 incorrupto
1216 1548 1348 1586 animo
1369 1548 1451 1586 eius
1472 1548 1511 1586 in

186 1612 302 1658 diem,
325 1625 425 1660 quae
446 1611 498 1648 illi
520 1611 647 1649 omnis
669 1611 829 1650 uirtutes
857 1612 971 1651 unius
992 1613 1207 1651 temeritate
1227 1613 1317 1651 facti
1337 1613 1507 1651 abstulit.

186 1676 256 1714 fuit
277 1684 407 1714 autem
429 1677 507 1714 dux
528 1675 685 1714 Cassius
707 1676 853 1723 melior,
877 1685 1024 1726 quanto
1045 1677 1103 1715 uir
1130 1680 1271 1715 Brutus
1289 1693 1295 1716 :
1325 1691 1346 1715 e
1367 1677 1509 1727 quibus
1531 1691 1544 1710 2

188 1743 351 1778 Brutum
390 1739 560 1778 amicum
600 1741 743 1779 habere
777 1743 922 1789 malles,
956 1742 1157 1780 inimicum
1197 1742 1318 1792 magis
1357 1742 1512 1780 timeres

188 1805 393 1852 Cassium3
439 1805 478 1843 in
516 1807 637 1844 altero
676 1806 799 1844 maior
837 1806 907 1854 uis,
947 1807 986 1844 in
1024 1809 1145 1845 altero
1184 1807 1328 1845 uirtus:
1376 1807 1443 1856 qui
1482 1807 1512 1845 si

149 1887 162 1917 ,·
187 1871 382 1917 uicissent,
414 1878 604 1920 quantum
636 1871 689 1909 rei
724 1871 903 1921 publicae
938 1872 1109 1910 interfuit
1144 1874 1352 1911 Caesarem
1382 1872 1512 1922 potius

230 2018 249 2038 2
273 1983 487 2038 transfixuissA
504 2008 572 2046 (sic)
665 2007 843 2047 expirauit.
886 2009 1053 2039 Protenus
1072 2009 1247 2047 (Protinus
1264 2009 1309 2047 P>
1322 2008 1410 2039 AF:
1435 2019 1512 2048 exp.

188 2052 340 2091 protinus
352 2051 492 2091 Scliffr
575 2061 594 2089 4
612 2052 786 2090 Cassiique
804 2052 874 2081 ΑΡ
944 2053 1150 2083 authoritate
1163 2053 1196 2083 A
1288 2054 1308 2082 6
1325 2057 1490 2091 temptare
1506 2070 1513 2077 ·

187 2095 343 2134 Amplius
360 2094 417 2125 A:
442 2099 574 2124 tentare
598 2095 631 2124 P
730 2105 768 2125 10
792 2096 923 2126 caeeidit
947 2096 980 2126 A
1086 2107 1123 2126 12
1149 2096 1193 2126 M.
1212 2096 1318 2126 Varro
1341 2096 1511 2126 Gndeman

189 2139 333 2168 lubrium
345 2138 414 2176 dcl„
429 2137 499 2167 dein
511 2143 668 2177 suprascr.
682 2139 860 2169 ludibrium
871 2139 905 2169 A
1014 2140 1153 2170 Antonii
1166 2140 1238 2170 ΑΡ
1340 2149 1377 2177 14
1397 2139 1512 2169 Liuiae

188 2215 362 2253 Augustae
380 2214 491 2244 Aldus
581 2224 618 2253 15
636 2220 798 2254 temptata
812 2215 845 2245 A
863 2227 870 2246 ε
893 2220 1020 2246 tentata
1032 2215 1066 2246 P
1132 2226 1170 2255 19
1187 2216 1365 2254 septimum
1378 2218 1407 2246 &
1422 2190 1512 2245 xxiru

187 2269 220 2299 A
240 2281 246 2300 :
272 2270 449 2308 septimum
468 2272 496 2299 &
510 2262 590 2300 ᾗ.
603 2269 637 2299 Ρ
735 2281 777 2300 20
793 2270 994 2301 fortunaeA
1096 2272 1291 2310 incorrupto
1314 2271 1404 2300 Toll:
1443 2281 1513 2301 cor-

189 2318 289 2351 rupto
314 2311 392 2350 AP,
418 2311 505 2351 quod
527 2313 565 2344 G.
587 2312 632 2344 A.
655 2313 744 2343 Koclz
766 2315 901 2353 retinnit,
930 2318 1103 2354 tamquam
1134 2315 1200 2344 dies
1229 2314 1432 2353 significetur.
1465 2315 1519 2344 cui

189 2357 347 2396 corruptio
364 2356 472 2385 animi
493 2357 750 2396 lamqumnfato
767 2357 924 2387 destinata
931 2358 1044 2396 fuerit.
1092 2358 1160 2388 Sed
1180 2358 1288 2388 dubito
1368 2368 1421 2387 aio
1439 2357 1509 2395 del.‚

189 2410 258 2442 dein
275 2416 432 2451 suprascr.
453 2405 505 2441 ff)
522 2410 554 2440 A
667 2421 705 2442 21
732 2422 849 2442 omnes
866 2411 937 2442 ΑΡ
1020 2412 1095 2443 sacti
1113 2412 1316 2442 Rhenanus:
1341 2411 1421 2443 fecit
1434 2411 1504 2442 ΑΡ

831 2530 871 2570 87
