1799 2864
594 225 1022 263 PROLEGOMENA

548 335 585 360 ab

147 372 318 410 Velleius
325 386 335 419 ,·
368 372 403 409 ii.
423 385 480 409 20.
505 384 519 407 1
540 372 595 407 ad
609 371 772 407 exercita
785 372 844 407 A:
872 371 927 406 ad
942 370 1143 406 exercitum
1158 371 1199 415 P,
1215 369 1284 406 sed
1303 370 1470 406 Burerus

144 441 347 480 adnotauit
387 440 691 478 Murbacensem
726 439 781 477 sic
810 439 955 477 habere
989 447 1031 476 ut
1065 438 1231 476 dubium
1261 438 1335 476 sibi
1369 446 1470 476 esset

144 520 228 550 utra
256 519 357 549 esset
395 510 522 549 uerior
552 510 778 549 lectionum.
852 511 992 559 Itaque
1022 522 1068 547 ex
1096 508 1182 558 ipso
1216 508 1471 546 Murbacensi

142 582 250 620 fluxit
276 581 481 620 haesitatio
512 581 577 619 illa
608 580 884 619 Amerbachii:
925 587 1062 618 contra
1090 593 1137 617 ex
1161 592 1208 617 eo
1235 579 1344 628 quod
1375 578 1414 615 in
1440 580 1470 615 P

142 659 200 689 est
226 653 333 689 nulla
361 651 532 701 suspicio
559 650 755 689 suboritur
783 649 967 699 ambigue
994 657 1192 687 exaratum
1219 662 1304 686 esse
1330 650 1407 686 hoc
1431 648 1470 686 in

140 723 228 760 loco
252 722 566 759 Murbacensem.
626 720 711 758 Vtri
731 720 845 770 igitur
865 719 1090 758 credimus?
1133 718 1410 765 Amerbachio,
1428 726 1470 756 ut

138 791 278 841 opinor
295 807 305 839 3
335 793 530 830 Rhenano
551 791 679 829 minor
698 792 796 829 fides
816 791 1001 828 habenda
1020 789 1100 828 erit.

192 864 216 908 ί,
240 868 257 899 t
274 862 309 900 ii.
335 874 394 912 51.
424 876 438 899 1
463 863 664 899 m‘rebatur
686 874 874 911 suprascr.
894 866 938 898 ut
956 862 1114 898 rebatur
1131 862 1177 907 A,
1204 861 1407 898 uirebalur
1425 861 1467 905 P,

139 934 209 971 sed
236 936 244 952 ‘
258 932 365 970 Alias
386 940 428 970 ut
449 933 626 970 rebatur’
648 945 764 982 marg.
790 934 831 979 P,
855 938 900 969 ut
916 933 1075 969 rebatur
1092 931 1277 969 Velleius.

193 1017 228 1049 u,
251 1004 284 1040 z'z'
306 1003 342 1041 ii.
367 1005 428 1050 84.
454 1017 474 1052 3
502 1004 715 1042 Corinthiis
739 1016 926 1052 suprascr.
957 1003 1164 1041 Corinthus
1183 1004 1230 1049 A,
1259 1003 1469 1041 Corinthus

139 1073 323 1111 Velleius.

194 1144 269 1182 His
299 1146 460 1183 fortasse
480 1146 710 1183 addendum
735 1144 805 1183 erit
834 1146 943 1194 quod
961 1144 1159 1183 interdum
1176 1144 1216 1182 in
1245 1146 1281 1182 A
1305 1143 1468 1193 repperi,

138 1221 236 1253 utet
258 1229 327 1265 per
352 1218 384 1264 §5⁴
413 1215 709 1265 compendiario
739 1215 987 1264 significetur,
1020 1217 1128 1253 uelut
1155 1215 1176 1252 i.
1214 1228 1270 1262 14.
1303 1228 1322 1252 2
1344 1215 1468 1262 seina

138 1299 324 1335 suprascr.
352 1288 483 1333 setina,
510 1286 546 1324 ii.
578 1300 633 1323 10.
671 1300 689 1323 2
717 1288 854 1334 ηοᾴτιν
873 1299 944 1335 pro
976 1285 1171 1336 720(t)etur.
1233 1286 1338 1323 Illud
1365 1298 1468 1323 com-

138 1355 326 1404 pendium
348 1364 444 1405 puto
460 1356 767 1394 Amerbachium
782 1369 828 1394 ex
841 1356 926 1405 ipso
949 1356 1203 1394 Murbacensi
1232 1355 1447 1405 sumpsisse
1460 1369 1470 1402 ,·

138 1434 291 1464 constat
321 1426 426 1464 enim
458 1426 498 1464 in
530 1426 804 1464 uetustissimis
836 1426 876 1464 id
908 1426 1112 1464 codicibus
1140 1425 1466 1476 frequentissime,

138 1504 226 1545 post
247 1510 346 1534 saec.
369 1496 421 1534 xii
440 1496 560 1534 rarius
580 1496 787 1546 prouenire
800 1495 823 1534 ¹.

192 1578 224 1615 5.
257 1566 385 1605 Venio
401 1568 452 1605 ad
473 1566 802 1616 orthographiam,
818 1580 896 1616 qua
911 1581 990 1605 una
1005 1581 1044 1605 re
1061 1567 1239 1605 omnium
1253 1567 1468 1605 certissime

136 1637 426 1675 demonstratur
449 1637 686 1686 praestantia
709 1637 1015 1676 Amerbachiani
1038 1637 1263 1687 apographi.
1322 1639 1376 1676 Vt
1396 1638 1469 1687 pri-

137 1720 245 1744 mum
266 1709 430 1757 allegem
452 1709 561 1757 quod
580 1708 834 1758 praecipuum
857 1716 925 1755 est,
948 1709 1091 1746 absunt
1111 1708 1151 1746 in
1168 1708 1396 1747 uniuersum
1416 1709 1467 1746 ab

135 1779 171 1815 A
201 1778 358 1827 pluralis
388 1778 621 1816 nominatiui
651 1778 944 1828 accusatiuique
973 1779 1013 1816 in
1042 1780 1107 1816 -et's
1139 1787 1337 1825 exeuntes,
1367 1793 1467 1829 quae

135 1849 270 1895 forma,
293 1848 420 1886 Vellei
449 1862 549 1887 aeuo
578 1849 655 1886 iam
684 1849 950 1895 obsolescens,
981 1849 1174 1887 rarissime
1201 1849 1400 1887 inuenitur
1426 1850 1465 1887 in

135 1918 339 1957 codicibus
361 1919 427 1969 qui
448 1921 498 1958 ad
520 1933 591 1958 nos
613 1919 845 1969 scriptorum
867 1920 1027 1958 Tiberio
1048 1922 1110 1958 uel
1132 1923 1312 1970 Augusto
1327 1934 1467 1970 aequa-

133 1989 229 2026 lium
250 1989 510 2039 antiquissimi
531 1991 830 2028 descenderunt.
882 1993 934 2028 At
954 1990 993 2028 in
1016 1993 1045 2028 P
1067 2000 1292 2029 constanter
1312 1993 1390 2029 fere
1411 1992 1466 2029 sic

135 2059 267 2108 scripti
289 2068 401 2097 sunt:
432 2060 616 2098 uidelicet
637 2060 803 2098 credidit
825 2074 869 2098 ea
889 2069 996 2099 aetas
1019 2062 1134 2111 (saec.
1158 2061 1236 2111 xvi)
1259 2062 1313 2100 sic
1334 2062 1465 2111 potius

133 2130 332 2179 scripsisse
353 2130 420 2179 qui
439 2130 564 2180 prima
583 2133 761 2180 exempla
782 2133 922 2169 horum
943 2132 1157 2170 ediderant.

187 2200 290 2238 Vide
320 2214 420 2249 quae
450 2202 500 2239 de
521 2202 594 2239 hac
623 2214 663 2239 re
684 2202 879 2250 congessit
907 2203 1031 2249 Neue,
1055 2203 1252 2252 suppleuit
1274 2205 1465 2252 Wagener

133 2272 399 2308 Formenlehre
425 2270 446 2308 i.
470 2284 533 2320 pp.
560 2283 686 2321 245—2
694 2274 742 2321 58
764 2273 824 2310 ed.
848 2272 992 2310 tertiae.
1054 2274 1146 2311 Non
1174 2287 1311 2311 uereor
1334 2273 1464 2312 dicere

178 2392 184 2409 ¹
215 2391 373 2421 Recurrit
396 2396 507 2421 tamen
533 2392 566 2422 in
591 2392 664 2423 cod.
694 2391 880 2422 Bodleiano
913 2392 997 2423 Stati
1025 2392 1193 2423 Siluarum
1226 2393 1380 2432 (Barlow
1403 2396 1460 2434 23)

131 2455 219 2475 saec.
239 2455 284 2474 xv
300 2444 469 2476 exeuntis.

764 2506 820 2535 xxi
