1799 2864
715 203 885 240 LIBER
916 203 957 240 ΙΙ

175 329 264 354 curn
294 315 440 366 primus
471 314 648 353 omnium
678 312 894 351 amicorum
926 312 1071 359 fuisset,
1105 312 1326 350 interfector
1356 311 1426 349 fuit
1456 319 1493 349 et

174 383 362 427 fortunae,
395 395 441 419 ex
478 393 555 430 qua
592 380 760 416 fructum
799 379 947 424 tulerat,
988 377 1177 415 inuidiam
1216 377 1255 414 in
1293 385 1492 415 auctorem

174 447 367 496 relegabat
398 445 660 494 censebatque
690 456 873 492 aequum,
896 456 996 492 quae
1027 449 1230 491 acceperat
1260 456 1283 479 a
1314 443 1491 487 Caesare,

173 511 346 557 retinere,
387 511 606 556 Caesarem,
646 508 713 558 qui
751 508 815 546 illa
856 509 1027 554 dederat,
1067 507 1222 557 perisse.
1278 508 1374 545 haec
1404 516 1493 545 sunt

173 583 358 624 tempora,
392 573 533 623 quibus
567 575 622 610 M.
654 572 806 610 Tullius
838 571 1035 610 continuis
1065 571 1286 609 actionibus
1317 578 1493 608 aeternas
1514 588 1532 617 3

171 639 320 677 Antoni
350 640 562 678 memoriae
595 638 733 677 inussit
771 646 894 684 notas,
930 639 1000 676 sed
1037 637 1101 674 hic
1135 636 1418 686 fulgentissimo
1456 645 1494 674 et

170 704 326 742 caelesti
360 718 436 751 ore,
458 713 497 742 at
531 704 709 742 tribunus
741 703 960 743 Cannutius
994 702 1134 741 canina
1164 702 1271 740 rabie
1300 702 1494 739 lacerabat

171 769 400 808 Antonium.
459 770 613 820 utrique
647 769 822 808 uindicta
860 768 1046 807 libertatis
1085 775 1210 806 morte
1249 767 1377 814 stetit,-
1424 768 1493 804 sed
1514 779 1533 807 4

170 833 314 872 tribuni
361 834 549 884 sanguine
596 834 806 872 commissa
856 833 1097 883 proscriptio,
1138 831 1339 871 Ciceronis
1387 832 1494 868 uelut

160 898 308 937 satiato
346 899 522 937 Antonio
560 913 685 948 paene
723 899 841 937 finita.
902 898 1074 948 Lepidus
1113 897 1257 936 deinde
1295 910 1318 934 a
1356 904 1492 934 senatu

170 963 292 1001 hostis
312 963 505 1002 iudicatus
526 972 594 1010 est,
617 971 659 1001 ut
678 971 768 1001 ante
789 964 912 1001 fuerat
933 962 1140 1000 Antonius.
1509 967 1511 969 ’

222 1029 326 1065 Tum
357 1028 456 1066 inter
489 1042 579 1066 eum
615 1030 902 1077 Caesaremque
933 1035 971 1065 et
1005 1026 1223 1064 Antonium
1257 1024 1494 1063 commercia
1514 1026 1568 1072 65

169 1092 420 1142 epistularum
441 1101 479 1131 et
499 1093 779 1131 condicionum
800 1094 901 1130 facta
922 1091 1080 1138 mentio,
1097 1105 1186 1129 cum
1203 1090 1400 1128 Antonius
1421 1094 1441 1127 †
1457 1097 1495 1127 et

169 1157 337 1196 subinde
367 1159 575 1197 Caesarem
606 1159 846 1204 admoneret,
869 1170 988 1206 quam
1018 1156 1198 1194 inimicae
1222 1155 1295 1205 ipsi
1316 1154 1495 1204 Pompei-

137 1236 147 1242 ·
169 1237 266 1261 anae
287 1231 413 1273 partes
435 1224 560 1261 forent
580 1231 618 1261 et
645 1223 683 1260 in
711 1224 819 1272 quod
846 1223 923 1260 iam
953 1221 1201 1260 emersissent
1231 1220 1426 1270 fastigium
1456 1228 1494 1258 et

169 1295 317 1336 quanto
349 1287 550 1325 Ciceronis
589 1287 720 1325 studio
755 1289 898 1324 Brutus
938 1286 1176 1335 Cassiusque
1214 1286 1492 1331 attollerentur,

169 1351 496 1401 denuntiaretque
516 1365 556 1389 se
577 1365 667 1389 cum
690 1354 811 1389 Bruto
839 1351 1067 1400 Cassioque,
1090 1350 1157 1400 qui
1184 1350 1261 1387 iam
1288 1351 1426 1387 decem
1457 1357 1494 1387 et

169 1424 318 1465 septem
350 1416 547 1465 legionum
579 1424 759 1465 potentes
791 1423 909 1462 erant,
943 1415 1167 1453 iuncturum
1198 1414 1298 1452 uires
1329 1427 1428 1460 suas,
1462 1413 1493 1451 si

169 1481 313 1519 Caesar
360 1480 442 1518 eius
485 1481 782 1529 adspernaretur
825 1479 1089 1526 concordiam,
1130 1478 1354 1528 diceretque
1406 1479 1493 1526 plus

112 1565 114 1567 v
169 1545 376 1583 Caesarem
398 1544 515 1593 patris
536 1558 653 1594 quam
679 1557 720 1581 se
750 1543 865 1581 amici
898 1543 1036 1582 ultioni
1063 1544 1217 1582 debere.
1277 1550 1371 1579 tunc
1398 1541 1492 1578 inita
1515 1560 1528 1580 2

167 1609 366 1658 potentiae
397 1609 561 1647 societas
595 1617 633 1647 et
666 1609 912 1647 hortantibus
947 1608 1227 1657 orantibusque
1261 1606 1492 1644 exercitibus

214 1737 227 1757 1
241 1730 316 1766 post
331 1737 404 1757 curn
423 1726 559 1755 deletum
574 1729 619 1755 est
634 1726 668 1755 in
684 1725 718 1755 A
737 1725 856 1756 fuisset
944 1725 1060 1764 primis
1077 1724 1128 1754 P:
1152 1724 1186 1753 in
1204 1723 1319 1762 primis
1336 1722 1495 1752 Heinsius

167 1781 187 1808 4
211 1771 287 1808 quia
301 1770 353 1800 illa
369 1769 440 1799 ΑΡ
511 1770 641 1808 perisse
666 1769 716 1798 uel
730 1769 843 1808 perire
854 1768 1056 1798 Rhenanus:
1074 1768 1177 1806 perist
1190 1768 1265 1806 (per
1278 1767 1422 1806 isthaec)
1434 1766 1468 1796 A
1487 1778 1494 1796 z

168 1814 258 1852 peris
277 1813 392 1852 (peris.
412 1812 586 1853 Haec)P:
619 1813 740 1851 perire.
791 1812 858 1842 Sed
881 1813 964 1842 haec
988 1811 1097 1841 Halm
1186 1820 1205 1848 5
1230 1810 1345 1839 Tulius
1362 1809 1396 1839 A
1473 1811 1495 1839 6

167 1856 307 1887 Antonii
319 1856 390 1886 ΑΡ
451 1861 551 1886 ‹ra-etas
563 1856 684 1886 inussit
696 1861 793 1886 notas
806 1855 840 1885 A
857 1856 925 1895 (sic)
984 1860 1018 1885 et
1035 1854 1274 1885 scelestioreA
1363 1863 1379 1891 7
1397 1852 1443 1883 At
1459 1853 1492 1882 A

169 1901 286 1930 canina
304 1900 464 1930 Ruhnken
481 1910 487 1929 :
513 1900 672 1930 continua
687 1899 721 1929 A
739 1910 746 1929 ε
775 1899 933 1928 continua
949 1898 983 1928 P
1075 1909 1095 1937 9
1112 1897 1307 1936 prostriptio
1320 1897 1495 1926 Ciceronis

166 1943 213 1981 A,
239 1943 295 1973 sed
309 1945 330 1975 Β
347 1948 443 1983 super
462 1953 588 1982 proscr.
614 1955 634 1972 α
658 1948 756 1982 super
773 1943 880 1972 Cicer.
906 1942 1024 1972 additis
1112 1941 1203 1971 uelut
1225 1940 1414 1971 Puteanus:
1440 1940 1494 1969 uel

167 1986 244 2025 ΑΡ,
260 1986 385 2025 quodf}
394 1990 481 2015 nstra
492 1986 628 2025 defendit
642 1986 790 2017 Scn'ner:
816 1991 850 2016 ut
861 1985 969 2015 Halm
1073 1994 1111 2015 10
1136 1995 1224 2023 pene
1237 1984 1269 2012 A
1288 1995 1295 2014 :
1319 1993 1429 2022 poena
1446 1983 1492 2013 P:

168 2040 278 2068 paene
289 2033 386 2059 ettam
400 2029 531 2069 Bentley
621 2041 659 2060 12
682 2040 758 2068 quae
770 2034 832 2068 pro
844 2039 910 2068 que
923 2028 955 2057 A
1022 2027 1261 2058 commertiaA
1355 2037 1392 2064 13
1416 2037 1493 2055 con-

168 2073 329 2103 ditionum
363 2073 395 2102 A
534 2075 622 2112 ‘post
654 2073 873 2112 epistularum
906 2072 1052 2101 erudisse
1082 2071 1221 2100 arbitror
1249 2068 1348 2100 inita’
1380 2069 1496 2099 Novcik

169 2116 255 2146 iacta
271 2116 360 2147 AF:
397 2119 404 2132 ‘
418 2116 502 2145 mihi
525 2116 653 2146 uidetur
672 2117 730 2156 leg,
753 2116 839 2146 sacta
867 2115 1010 2145 mentio’
1031 2114 1139 2144 Bnrer
1187 2114 1267 2145 Ant.
1287 2113 1430 2143 subinde
1456 2113 1493 2142 C.

167 2161 374 2193 admoneret,
405 2166 438 2189 et
465 2170 564 2198 quam
588 2159 731 2200 Bipontz
767 2164 800 2189 et
826 2169 845 2188 a
873 2159 1014 2198 legisinzo
1039 2158 1148 2188 ordine
1172 2157 1330 2195 deflarum
1356 2156 1496 2195 putabat

168 2203 272 2235 Kn'lz,
287 2203 396 2242 qualia
413 2208 502 2242 saepe
517 2203 732 2232 inueniuntur
745 2202 836 2242 apud
854 2201 1066 2240 Thac-§didam
1167 2202 1205 2231 18
1229 2210 1278 2229 V11
1294 2199 1327 2229 A
1402 2199 1492 2229 iunc—

167 2251 276 2276 turam
292 2246 325 2276 A
431 2256 470 2284 19
494 2256 564 2285 asp.
583 2246 671 2277 AP:
697 2247 911 2284 adiceretque
927 2245 1026 2274 Herel
1129 2255 1170 2274 20
1188 2245 1314 2273 ultione
1331 2243 1427 2273 amici
1443 2243 1490 2281 A,

167 2290 224 2319 sed
246 2292 269 2324 β
296 2295 394 2329 super
422 2290 477 2319 ult.
507 2301 526 2319 α
552 2295 649 2329 super
675 2290 770 2320 amici
802 2289 930 2319 additis.
990 2288 1031 2318 In
1060 2287 1095 2318 A
1124 2289 1220 2328 prins
1240 2287 1347 2325 suf'sse
1375 2286 1492 2315 ultioni

168 2344 231 2362 non
257 2333 484 2369 adseueran'm,
511 2343 717 2372 quamquam
744 2331 861 2362 Orellio
884 2333 928 2361 sic
950 2333 1061 2361 uisum
1087 2335 1154 2361 est:
1189 2330 1289 2360 amici
1315 2330 1442 2359 ultione
1463 2329 1497 2358 P

168 2377 302 2407 debere.
370 2382 447 2405 tunc
483 2376 548 2413 <uel
577 2377 659 2417 tum)
693 2376 820 2406 Burer:
875 2376 998 2405 debere
1012 2399 1019 2406 .
1034 2380 1089 2405 tue
1123 2379 1280 2413 suprascr.
1314 2373 1494 2403 deberetur

167 2419 224 2451 A:
258 2420 459 2449 debere*tur
482 2419 532 2450 P:
565 2419 687 2450 debere
719 2419 820 2458 igitur
844 2419 1036 2457 Rhenanus,
1064 2418 1120 2447 scd
1149 2417 1300 2446 Velleium
1327 2416 1428 2455 igitur
1458 2417 1490 2446 in

162 2463 317 2503 pn‘ncipio
333 2463 492 2492 enuntiati
506 2473 569 2492 non
581 2467 699 2502 ponere
712 2462 829 2493 Nova'k
844 2467 871 2492 et
887 2466 961 2492 anie
976 2472 1050 2491 eum
1066 2461 1103 2490 K
1104 2462 1222 2500 reyssz'g
1236 2460 1441 2490 ostenderunt
1485 2497 1492 2500 Δ

810 2514 848 2545 81
1307 2506 1330 2541 6
