1799 2864
496 215 556 252 IN
585 214 876 252 VELLEIVM
907 214 1286 252 PATERCVLVM

231 325 384 357 muniri.
434 324 554 368 Atque
582 324 657 367 ipse
683 321 851 356 Tiberius
876 321 1093 356 describitur
1115 333 1188 366 113.
1209 333 1227 356 2
1247 324 1358 357 utilia
1383 324 1552 368 speciosis

223 382 449 426 praeferens.

277 449 334 472 112
353 449 372 482 3
399 449 484 482 pars
503 437 680 472 exercitus
697 449 822 471 eorum
845 436 1030 481 proposita
1049 436 1115 481 ipsi
1137 437 1220 471 duci
1238 445 1273 472 et
1298 439 1344 472 ad
1363 437 1552 472 arbitrium

230 495 331 529 ducis
351 495 448 539 (del.)
474 494 737 538 utilitatemque
763 501 929 528 nostram
948 521 955 527 .
975 522 982 528 .
1002 521 1010 528 .
1028 502 1213 528 macerata
1240 496 1488 540 perductaque
1506 496 1553 529 ad

228 551 445 586 exitiabilem
462 552 596 585 famem
620 563 739 597 neque
764 551 958 585 instantem
982 550 1159 585 sustinere
1184 563 1302 596 neque
1327 559 1365 586 ut
1388 552 1553 587 facienti-

1065 617 1097 633 aC
1111 617 1166 633 lan).

227 642 294 676 bus
313 641 455 686 copiam
474 641 661 686 pugnandi
680 641 926 686 derigentibus
945 654 1037 687 quae
1056 642 1171 676 aciem
1190 654 1280 676 ausa
1299 643 1482 687 congredi.
1501 644 1550 677 A.

273 698 585 744 dirigentibusque
603 699 712 733 etiam
731 700 774 742 P,
793 707 827 734 et
848 699 881 733 in
901 711 1015 742 marg.
1035 699 1145 734 ‘alias
1163 699 1301 734 aciem.³

274 757 402 800 Neque
426 769 517 791 cum
530 758 762 803 facientibus
789 758 984 800 Ruhnken,
1009 758 1108 802 quod
1130 757 1262 802 recepit
1285 757 1438 792 Kritzius
1458 766 1551 792 tam-

227 826 336 859 quam
355 827 398 849 ex
417 815 633 859 compendio
651 821 694 849 cu
712 823 831 849 ortum
848 814 952 849 fuerit
972 820 1020 849 ut.
1076 816 1119 849 Id
1137 823 1174 849 ut
1193 816 1300 849 ualde
1319 815 1446 849 dubito
1464 828 1551 849 num

227 872 275 906 ita
286 873 422 906 factum
437 872 491 914 sit,
507 872 556 907 sic
575 874 690 907 multa
709 880 791 907 sunt
808 872 1016 907 huiusmodi
1035 872 1069 906 in
1088 873 1246 907 editione
1261 872 1444 907 Kritziana
1459 885 1552 918 quae

225 930 532 974 palaeographiae
560 942 694 965 nomen
729 942 815 975 prae
855 942 892 964 se
930 931 1060 971 ferant,
1094 942 1223 965 reuera
1264 930 1553 976 palaeographia

225 995 373 1022 auctore
391 987 657 1022 destituantur:
686 989 783 1022 uelut
807 1000 852 1022 ne
874 989 943 1022 hoc
970 987 1115 1033 quidem
1135 987 1221 1022 mihi
1240 988 1428 1032 persuasit,
1448 990 1552 1022 ufsli-

224 1051 337 1080 lalem
368 1045 454 1080 illud
481 1047 579 1091 quod
606 1045 640 1079 in
668 1047 737 1080 hoc
763 1045 841 1090 ipso
868 1047 948 1079 loco
974 1047 1049 1079 AF
1074 1045 1243 1080 exhibent
1266 1046 1332 1090 (ud
1349 1046 1550 1080 arbitrium

227 1105 495 1148 ulilitalcmque
527 1104 707 1147 nostram)
742 1116 808 1148 per
841 1103 1098 1148 compendium
1133 1104 1320 1148 quoddam
1351 1104 1552 1148 scripturae

226 1173 290 1205 pro
310 1173 353 1195 eo
371 1162 468 1206 quod
496 1174 621 1196 uerum
640 1168 717 1196 erat
744 1162 983 1203 uoluntatem,
1003 1168 1190 1195 exaratum
1218 1173 1309 1196 esse.
1360 1163 1458 1195 Nam
1482 1173 1552 1195 nec

227 1220 345 1263 placet
379 1219 590 1263 tautologia,
626 1231 694 1253 nec
727 1218 803 1253 sine
837 1218 1100 1262 significatione
1141 1226 1196 1253 est
1231 1220 1441 1261 utilitatem,
1477 1218 1552 1252 siue

225 1276 385 1311 Romani
403 1278 450 1311 ad
469 1276 656 1311 arbitrium
676 1288 781 1310 suum
800 1288 867 1310 nec
886 1275 974 1310 citra
992 1275 1027 1310 id
1042 1276 1140 1321 quod
1156 1276 1223 1310 sibi
1241 1276 1409 1321 expedire
1428 1277 1552 1310 crede-

223 1337 312 1369 bant
332 1334 602 1369 Pannoniorum
622 1333 817 1368 exercitum
842 1334 1079 1368 macerabant
1097 1341 1132 1368 et
1151 1334 1198 1367 ad
1222 1335 1358 1368 famem
1377 1335 1550 1378 perduce-

223 1393 324 1435 bant,
342 1392 417 1426 siue
435 1392 569 1437 scripto
589 1393 685 1437 quod
698 1391 964 1426 Amerbachius
983 1391 1082 1436 prius
1099 1399 1265 1426 exararat
1284 1393 1336 1425 ad
1350 1392 1550 1425 arbitrium

222 1452 326 1485 ducis
342 1452 412 1484 hoc
438 1450 504 1485 sibi
522 1449 730 1495 oppositum
757 1450 868 1483 habet
887 1461 951 1483 ceu
978 1449 1163 1484 diuersum
1190 1449 1323 1494 aliquid
1350 1451 1550 1483 utilitatem

224 1508 351 1553 reliqui
376 1507 565 1542 exercitus.
637 1509 711 1542 106.
744 1517 756 1541 Ι
787 1510 914 1551 saepta
937 1507 1111 1552 fulgenti
1140 1512 1357 1551 armumque
1386 1508 1549 1541 militum

223 1570 433 1600 nostrorum
460 1567 609 1610 agmine
634 1570 719 1598 ante
744 1567 981 1609 Imperatoris
997 1566 1198 1609 procubuit
1223 1566 1400 1599 lribunal.

269 1624 329 1658 Ad
348 1623 407 1657 illa
435 1630 472 1656 ut
501 1623 649 1657 redeam
673 1634 787 1667 neque
812 1627 854 1656 ut
868 1623 1104 1666 fizcl‘entl'buS‚
1131 1622 1182 1656 sic
1209 1622 1426 1667 interpretor
1449 1630 1486 1657 ut
1506 1622 1550 1656 sit

224 1691 286 1716 'as
312 1680 429 1725 might
455 1681 548 1714 have
574 1680 666 1714 been
691 1681 865 1725 expected
892 1681 997 1713 when
1024 1681 1110 1724 they
1129 1680 1266 1715 offered
1292 1682 1392 1715 them
1418 1681 1551 1714 battle'

221 1740 264 1774 ὡς
280 1739 314 1773 ἐς
338 1740 448 1783 μάχην
482 1739 789 1782 προκαλουμένηις;
825 1738 870 1771 de
894 1749 966 1782 quo
992 1749 1058 1771 usu
1085 1737 1282 1782 particulae
1309 1739 1351 1772 cf.
1373 1737 1551 1781 Draegeri

221 1798 324 1841 Synt.
354 1798 430 1830 Lat.
456 1795 486 1829 ii.
513 1807 546 1840 p.
573 1796 650 1839 609.
711 1797 767 1829 Ex
794 1794 1030 1840 sequentibus
1056 1796 1147 1830 haec
1173 1807 1269 1830 nunc
1297 1795 1424 1830 elicio:
1452 1797 1551 1830 deri—

215 1855 457 1899 genlz'busque
479 1855 554 1887 iam
573 1855 696 1897 aciem,
715 1853 820 1888 aliter
842 1860 951 1898 atque
974 1854 1010 1887 in
1028 1853 1267 1888 adnotatione
1286 1853 1409 1888 critica
1427 1865 1460 1898 p.
1486 1864 1548 1888 122

221 1912 478 1946 coniectaram.

268 1981 324 2004 112
343 1980 364 2012 4
391 1969 526 2015 quippe
552 1981 727 2013 magnam
757 1970 943 2004 Thracum
975 1981 1085 2003 manu
1116 1969 1245 2004 iunctis
1277 1969 1372 2012 (del.)
1405 1969 1547 2004 iunctus

222 2027 405 2072 predictus
432 2026 585 2061 ducibus
612 2028 758 2061 Rhomo
788 2034 823 2061 et
850 2028 960 2061 Alces
990 2027 1148 2062 Thracie
1178 2039 1240 2062 rex
1267 2027 1302 2061 in
1327 2026 1547 2062 adiutorium

219 2085 296 2120 eius
314 2085 401 2132 belli
417 2097 540 2119 secum
558 2086 738 2120 trahebat.
757 2086 805 2119 A.

266 2155 402 2186 magna
418 2144 498 2176 PB.
578 2142 719 2177 uinctus
737 2144 781 2186 P,
807 2155 879 2176 non
899 2144 945 2177 B.
1031 2143 1226 2188 praedictis
1241 2144 1320 2177 PB.
1399 2144 1547 2177 Rhomo

219 2208 253 2235 et
273 2201 382 2235 Alces
407 2201 485 2242 PB,
511 2201 576 2234 sed
597 2201 800 2235 Rhenanus
817 2203 858 2246 p.
878 2210 922 2244 70
948 2202 1119 2235 editionis
1137 2203 1326 2246 princzfiis
1351 2202 1549 2235 adnotastis

218 2261 225 2274 ⁶
240 2259 320 2302 lege
339 2259 639 2293 Rhoemetalces.’

268 2316 378 2360 Quod
404 2317 605 2351 Rhenanus
630 2315 664 2350 in
691 2328 806 2361 marg.
833 2316 985 2351 correxit
1013 2329 1198 2363 magnam,
1220 2316 1255 2351 id
1281 2316 1393 2351 miror
1417 2318 1546 2352 Amer-

220 2373 389 2408 bachium
408 2381 596 2418 tamquam
615 2385 656 2408 ex
677 2374 913 2408 Murbacensi
932 2374 966 2408 in
985 2375 1225 2419 apographon
1245 2386 1350 2408 suum
1370 2374 1545 2417 intulisse,

220 2431 434 2476 praesertim
454 2438 630 2476 sequente
647 2443 772 2475 manu,
792 2444 865 2466 non
884 2443 1057 2467 manum:
1077 2433 1168 2467 solet
1187 2432 1284 2467 enim
1304 2432 1363 2466 hic
1380 2432 1542 2467 codicem

853 2518 914 2550 179
1312 2501 1381 2539 12*
