1799 2864
593 181 1049 220 COMMENTARIVS
1080 181 1341 220 CRITICVS

308 304 381 328 non
399 299 452 327 est
471 292 702 327 tribuendum
728 292 943 327 femininum
961 293 1138 336 Albania,
1159 293 1260 327 cuius
1278 293 1417 327 nullum
1436 292 1633 336 uestigium

307 352 442 386 habent
461 351 581 394 ABP,
602 357 729 385 contra
752 351 787 385 in
806 350 983 395 corruptis
1003 351 1070 385 illis
1089 352 1211 385 hidem·
1225 363 1266 385 ac
1283 359 1381 386 recte
1403 352 1635 385 Burmannus

306 408 496 452 indagauit
523 408 702 444 Hiberia:
740 420 825 442 nam
856 408 1033 453 pluralem
1059 409 1238 443 Hiberiae
1264 408 1400 453 respuit
1432 420 1519 443 usus
1548 420 1634 452 geo-

305 466 541 510 graphorurn.

353 535 406 568 40
425 534 447 567 4-
473 523 571 569 quod
601 524 707 567 (corr.
738 525 777 557 in
809 523 910 568 quot)
947 531 1071 568 partes
1096 525 1194 559 orbis
1220 531 1396 559 terrarum
1423 524 1495 559 sint
1527 524 1632 569 (corr.

305 580 404 623 sunt)
424 581 577 616 totidem
595 582 728 616 faceret
746 589 985 616 monumenta
1004 582 1178 617 uictoriae
1197 595 1292 617 suae.
1313 583 1362 616 A.

352 646 529 673 terrarum
549 639 648 673 orbis
665 641 707 673 Ρ.

353 697 475 731 Etiam
489 697 548 731 hic
560 697 807 731 Amerbachio
819 697 1042 731 credendum
1056 704 1226 740 erat,non
1238 699 1428 732 Rhenano.
1456 698 1522 732 Cui
1537 698 1634 732 enim

304 763 379 790 tam
398 756 549 790 hebetes
568 766 674 789 aures
694 762 788 798 sunt,
808 762 846 789 ut
865 766 938 788 non
956 755 1093 798 gratius
1114 762 1218 790 sonet
1238 757 1432 790 uerborum
1451 755 1634 790 ordinatio

303 825 396 858 quae
429 819 486 848 est
526 813 562 846 in
595 813 630 846 A
673 814 770 846 orbis
802 816 991 846 terrarum
1028 824 1137 857 quam
1171 824 1265 857 quae
1304 813 1339 847 in
1379 815 1413 847 Ρ
1445 818 1633 847 terrarum

303 872 431 905 orbis?

349 930 515 963 Alterum
546 927 633 962 illud
662 929 740 961 sint
768 927 866 972 quod
896 927 995 972 prius
1029 927 1204 972 scriptum
1238 935 1292 962 est
1324 927 1359 961 in
1389 929 1424 962 A
1455 929 1634 963 rationem

304 988 425 1029 habet,
461 986 490 1020 si
526 993 642 1020 totam
677 985 878 1019 clausulam
914 990 956 1019 nt
982 987 1153 1030 primum
1173 1011 1180 1019 .
1201 1011 1208 1019 .
1228 1012 1236 1020 .
1255 986 1433 1019 uictoriae
1464 998 1552 1021 suae
1591 998 1633 1020 ex

304 1044 455 1079 consilio
473 1044 639 1077 fortunae
658 1043 818 1087 pendere
836 1042 961 1077 facias.
1186 1088 1192 1093 .

349 1136 391 1170 41
410 1135 423 1158 1
455 1125 608 1158 Secutus
624 1122 758 1157 deinde
772 1129 826 1157 est
846 1125 940 1158 COS
962 1123 1003 1157 C.
1021 1098 1208 1167 Caesar]lS
1218 1123 1278 1168 qui
1296 1123 1469 1158 scribenti
1485 1135 1634 1158 manum

303 1182 415 1216 iniicit
435 1190 470 1216 et
489 1180 688 1225 quamlibet
706 1180 942 1215 festinantem
962 1181 997 1214 in
1019 1192 1057 1215 se
1076 1181 1208 1215 morari
1227 1181 1333 1225 cogit.
1353 1182 1402 1215 A.

351 1240 573 1274 Consulatus
590 1239 629 1273 C.
647 1239 899 1274 CAESARIS
919 1240 962 1274 Ρ.
1060 1239 1259 1284 quemlibet
1277 1240 1312 1273 P
1329 1252 1335 1274 :
1376 1239 1384 1255 ‘
1397 1239 1488 1274 alias
1507 1251 1634 1284 quam-

302 1298 389 1333 libet
402 1298 409 1311 '
429 1298 562 1331 Burer.

352 1380 393 1412 In
412 1379 446 1411 A
468 1384 550 1422 post
571 1378 710 1412 Caesar
725 1388 853 1411 rasura
871 1381 935 1420 est,
945 1352 970 1368 zs
985 1384 1119 1421 autem,
1139 1378 1236 1422 quod
1262 1389 1371 1422 supra
1396 1388 1542 1412 uersum
1567 1383 1634 1420 est,

302 1435 374 1470 alio
393 1442 558 1479 tempore
578 1435 723 1469 uidetur
740 1435 918 1468 additum.
963 1435 1089 1469 Habet
1105 1441 1292 1479 praeterea
1305 1435 1513 1479 quamlibet.
1550 1436 1634 1468 Hoc

303 1501 341 1528 ut
359 1494 474 1527 multo
492 1493 627 1527 rectius
640 1500 695 1527 est
713 1504 823 1537 quam
841 1493 1042 1536 quemlibet,
1063 1492 1191 1537 suique
1206 1500 1338 1527 testem
1351 1499 1510 1538 praestat
1522 1492 1634 1527 etiam

305 1553 494 1593 Burerum,
516 1551 567 1585 sic
585 1562 660 1584 non
679 1550 800 1584 minus
820 1557 916 1584 recte
936 1551 1078 1585 deletae
1096 1558 1179 1585 sunt
1199 1550 1341 1585 litterae
1361 1563 1454 1596 quae
1473 1551 1634 1585 uocabu-

301 1623 377 1656 lum
405 1620 560 1665 Caesar!
579 1627 725 1655 secutae
751 1627 859 1654 sunt:
890 1611 985 1655 C—(TS
1003 1627 1127 1654 autem
1152 1631 1225 1653 non
1247 1621 1460 1653 consulatus
1485 1628 1550 1662 est,
1570 1620 1634 1654 sed

301 1680 438 1713 consul.
502 1680 550 1712 Et
579 1678 631 1712 sic
661 1678 771 1712 credo
802 1678 980 1712 Velleium
1012 1677 1223 1722 scripsisse:
1256 1682 1399 1712 seculus
1427 1678 1556 1711 deinde
1582 1682 1635 1711 est

301 1738 430 1771 consul
459 1737 494 1771 C.
526 1737 683 1770 Caesar:
725 1743 806 1780 post
838 1747 930 1780 quae
965 1736 1079 1769 multo
1109 1734 1349 1779 significatius
1378 1735 1540 1780 sequitur
1569 1736 1637 1779 qui

299 1796 473 1829 scribenti
487 1806 639 1828 manum
658 1792 825 1838 in[1']z'ci't.

348 1864 391 1897 41
410 1863 429 1886 2
457 1852 517 1897 qui
545 1851 702 1896 denique
728 1863 872 1896 semper
898 1858 932 1885 et
960 1851 1042 1885 cibo
1069 1857 1104 1885 et
1134 1863 1264 1885 somno
1293 1851 1328 1885 in
1355 1851 1470 1885 uitam
1496 1862 1569 1885 non
1597 1851 1632 1885 in

300 1911 526 1955 uoluptatem
545 1916 704 1943 uteretur
721 1909 769 1942 A.

346 1975 380 2002 et
400 1979 529 2002 somno
547 1974 582 2001 et
601 1967 682 2001 cibo
700 1968 744 2000 P.

350 2026 498 2070 Optime
521 2025 752 2069 Kreyssigius
773 2025 945 2059 iudicauit
969 2025 1147 2070 potiorem
1171 2025 1338 2059 ordinem
1362 2037 1443 2060 esse
1462 2026 1521 2070 qui
1542 2025 1576 2060 in
1595 2026 1630 2060 A

300 2096 411 2129 quam
428 2083 488 2128 qui
502 2083 537 2117 in
552 2084 587 2116 Ρ
601 2089 667 2126 est,
687 2083 806 2117 allatis
823 2083 900 2117 Liu.
920 2083 967 2117 iii.
982 2093 1000 2116 2
1017 2086 1169 2127 corpora
1183 2084 1258 2117 cibo
1268 2095 1464 2127 somnoque
1475 2088 1610 2118 curant
1624 2097 1632 2126 3

301 2141 405 2175 xxxii.
427 2151 463 2175 11
479 2141 550 2175 cibi
565 2142 769 2185 quietisque
789 2146 948 2174 sumeret
964 2144 1117 2185 [emptis.
1166 2141 1274 2175 Adde
1293 2141 1336 2175 ix.
1353 2150 1395 2184 37
1414 2144 1539 2175 curali
1559 2142 1634 2176 cibo

299 2203 453 2244 corpora
479 2200 596 2243 quieti
617 2199 718 2240 (lant,
739 2200 770 2232 T
772 2210 826 2233 ac.
847 2199 944 2233 Hist.
965 2198 1011 2232 iii.
1038 2208 1094 2232 22Α
1108 2200 1321 2243 reciperatis
1343 2199 1417 2232 cibo
1438 2211 1634 2244 sonumque

300 2258 454 2292 uiribus.

347 2325 390 2360 41
411 2325 429 2358 3
456 2325 574 2359 neque
602 2325 764 2359 unquam
790 2320 853 2348 aut
880 2314 938 2348 die
964 2320 1026 2347 aut
1045 2321 1154 2348 nocte
1173 2340 1180 2348 .
1198 2340 1205 2348 .
1229 2341 1235 2348 .
1255 2320 1316 2348 aut
1343 2325 1387 2348 ex
1411 2314 1633 2349 calcearetur

299 2381 361 2408 aut
379 2373 643 2415 discingeretur
659 2372 708 2405 A.

346 2438 407 2465 aut
427 2437 533 2464 nocte
552 2436 613 2464 aut
631 2429 690 2463 die
708 2430 753 2463 Ρ.

943 2497 999 2536 158
