1799 2864
343 759 672 817 VELLEI
732 758 1221 818 PATERCVLI

458 902 565 953 AD
619 902 691 954 M.
743 901 1107 954 VINICIVM

657 1038 784 1069 LIBRI
818 1038 913 1069 DVO

574 1175 745 1213 LIBER
783 1175 993 1212 PRIMVS

177 1311 182 1316 .
217 1311 223 1316 .
257 1311 263 1316 .
295 1280 427 1329 Epeus
464 1284 696 1327 tempestate
734 1276 942 1315 distractus
975 1290 998 1315 a
1031 1277 1133 1315 duce
1171 1289 1243 1315 suo
1278 1277 1446 1315 Nestore
1467 1290 1479 1312 1

126 1347 403 1394 Metapontum
424 1342 612 1381 condidit.
671 1344 835 1389 Teucer,
858 1355 939 1380 non
966 1348 1145 1391 receptus
1165 1355 1188 1379 a
1208 1348 1316 1391 patre
1336 1343 1448 1380 Tela-

125 1424 241 1448 mone
262 1410 313 1448 ob
341 1409 545 1459 segnitiam
572 1422 652 1447 non
673 1407 896 1446 uindicatae
924 1407 1048 1445 fratris
1078 1406 1251 1454 iniuriae,
1275 1408 1448 1457 Cyprum

122 1476 310 1524 adpulsus
354 1473 632 1524 cognominem
676 1472 823 1522 patriae
867 1486 960 1510 suae
999 1472 1197 1510 Salamina
1234 1472 1446 1510 constituit.

86 1557 101 1585 5
125 1541 302 1588 Pyrrhus,
324 1538 488 1577 Achillis
508 1538 621 1585 filius,
645 1537 808 1587 Epirum
836 1536 1056 1586 occupauit,
1080 1537 1299 1586 Phidippus
1322 1539 1451 1586 Ephy-

66 1879 103 1899 10

123 1619 203 1643 ram
233 1604 272 1642 in
293 1603 538 1653 Thesprotia.
597 1611 635 1641 at
664 1616 729 1641 rex
755 1616 890 1652 regum
910 1604 1187 1652 Agamemnon
1217 1609 1450 1651 tempestate
1470 1616 1484 1637 2

122 1670 162 1707 in
201 1671 359 1709 Cretam
397 1669 564 1707 insulam
603 1668 769 1706 reiectus
813 1667 879 1706 tris
918 1667 973 1705 ibi
1017 1667 1123 1705 urbis
1168 1667 1312 1714 statuit,
1352 1668 1450 1706 duas

122 1750 144 1773 a
182 1735 327 1785 patriae
365 1735 537 1782 nomine,
570 1749 690 1773 unam
728 1748 751 1773 a
784 1734 971 1773 uictoriae
1009 1734 1209 1782 memoria,
1247 1736 1448 1784 Mycenas,

123 1803 307 1850 Tegeam,
342 1802 586 1850 Pergamum.
645 1800 751 1838 idem
790 1813 882 1838 mox
920 1801 1065 1838 scelere
1103 1799 1288 1849 patruelis
1326 1800 1450 1838 fratris

126 1865 312 1915 Aegisthi,
334 1865 612 1904 hereditarium
633 1864 847 1903 exercentis
875 1864 914 1902 in
935 1878 1027 1903 eum
1048 1864 1196 1911 odium,
1219 1872 1258 1903 et
1277 1864 1450 1903 facinore

123 1931 251 1968 uxoris
290 1943 498 1980 oppressus
538 1929 738 1968 occiditur.
803 1929 911 1979 regni
948 1929 1094 1979 potitur
1132 1929 1350 1979 Aegisthus·
1382 1939 1487 1979 per3

123 2009 247 2033 annos
286 2007 355 2033 vll.
414 1996 521 2033 hunc
560 1996 718 2034 Orestes
758 2002 1002 2044 matremque
1047 1994 1154 2032 socia
1196 1994 1449 2032 consiliorum

125 2060 302 2097 omnium
342 2073 472 2098 sorore
512 2061 677 2107 Electra,
718 2059 839 2098 uirilis
876 2059 998 2098 animi
1035 2058 1192 2106 femina,
1228 2059 1447 2097 obtruncat.

125 2127 271 2163 factum
302 2124 384 2163 eius
418 2139 442 2163 a
470 2125 544 2163 diis
576 2125 877 2174 comprobatum
909 2124 1035 2174 spatio
1065 2123 1169 2162 uitae
1200 2130 1238 2162 et
1267 2123 1451 2162 felicitate

127 2189 279 2240 imperii
317 2190 521 2239 apparuit3
568 2190 714 2239 quippe
752 2189 847 2227 uixit
885 2189 998 2228 annis
1036 2200 1102 2235 XC,
1135 2187 1311 2238 regnauit
1353 2199 1447 2225 LXX.

126 2255 193 2304 qui
232 2268 273 2293 se
311 2254 429 2293 etiam
459 2268 483 2293 a
519 2256 667 2305 Pyrrho
705 2254 869 2293 Achillis
914 2253 995 2293 filio
1037 2253 1181 2292 uirtute
1220 2252 1447 2291 uindicauit.

172 2370 184 2389 1
201 2359 316 2398 Epeus
327 2359 402 2389 add.
418 2358 549 2396 Lipsius
627 2369 646 2397 4
663 2358 865 2398 cognomine
875 2358 909 2388 Ρ
979 2367 999 2397 5
1025 2357 1201 2396 Philippus
1211 2356 1253 2393 P,
1265 2366 1326 2386 em.
1338 2354 1451 2385 Aldus

127 2408 221 2442 nepos
317 2412 334 2441 7
353 2401 465 2432 tresP
534 2402 634 2433 urbes
651 2401 685 2432 Ρ
755 2412 776 2441 9
798 2401 969 2441 Tegaeam
980 2401 1013 2432 Ρ
1091 2412 1130 2432 10
1146 2404 1175 2430 et
1192 2410 1228 2430 11
1246 2399 1379 2438 Aegisti
1393 2423 1400 2430 .
1415 2425 1421 2430 .
1442 2423 1449 2430 .

125 2456 288 2495 Aegistus
304 2456 336 2486 P
433 2465 470 2486 12
497 2457 597 2488 ‘alias
613 2467 689 2488 cum
705 2454 816 2487 socia’
833 2455 1017 2488 Rhenanus
1108 2464 1146 2494 15
1171 2449 1222 2486 ἐξ
1239 2454 1273 2485 Ρ
1325 2447 1401 2485 ΙΞΞ.
1420 2453 1453 2484 Ρ

130 2501 168 2529 16
190 2501 270 2538 quin
292 2499 450 2539 [Wopkens

777 2571 788 2594 1
1267 2557 1284 2590 1
