1799 2864
722 190 892 226 LIBER
923 190 965 227 II

180 308 314 339 auctor
337 314 382 339 ac
412 308 530 340 stator
561 299 731 339 Romani
761 299 931 338 nominis
957 300 1129 339 Gradiue
1162 303 1279 349 Mars,
1302 310 1505 352 perpetuo-

182 380 345 415 rumque
377 374 506 404 custos
537 366 658 403 Vesta
689 364 836 413 ignium
868 372 905 402 et
937 364 1130 414 quidquid
1165 366 1370 404 numinum
1403 368 1505 405 hanc

184 429 353 468 Romani
392 429 527 479 imperi
573 430 717 467 molem
757 428 795 466 in
840 428 1125 478 amplissimum
1171 438 1355 469 terrarum
1401 431 1505 469 orbis

182 494 374 543 fastigium
405 494 549 539 extulit,
581 507 652 532 uos
682 493 839 542 publica
869 507 967 531 uoce
997 494 1171 532 obtestor
1199 503 1316 544 atque
1347 509 1505 544 precor:

145 574 160 602 5
181 558 386 605 custodite,
409 566 570 604 seruate,
594 557 783 607 protegite
810 559 915 596 hunc
937 565 1091 605 statum⁷
1114 560 1216 596 hanc
1237 573 1386 609 pacem,
1409 561 1509 597 lzmzc

172 623 395 672 principem,
419 622 532 671 eique
553 623 687 660 functo
709 621 934 672 longissima
955 622 1120 660 statione
1141 623 1293 661 mortali
1314 623 1506 662 destinate
1527 635 1541 655 2

182 701 424 726 successores
451 701 569 736 quam
597 686 822 734 serissimOS‚
846 688 915 725 sed
942 700 1020 734 eos,
1043 701 1209 736 quorum
1235 688 1406 726 ceruices
1427 696 1505 726 tam

181 751 328 790 fortiter
357 751 587 789 sustinendo
617 759 801 789 terrarum
832 751 936 789 orbis
966 750 1129 801 imperio
1159 752 1361 799 sufficiant,
1389 766 1505 802 quam

182 816 296 854 huius
328 815 526 854 suffecisse
553 815 756 862 sensimus,
788 815 1029 865 consiliaque
1059 816 1235 854 omnium
1266 816 1411 855 ciuium
1441 825 1507 854 aut

125 896 163 917 10
183 880 246 930 pia
267 894 285 915 *
309 894 327 914 *
352 895 370 915 ²1<

230 992 241 1011 1
262 992 299 1012 ac
313 981 345 1010 Β
359 993 365 1011 :
380 981 494 1012 etAP
557 992 576 1011 2
594 982 751 1021 quicquid
764 981 834 1011 ΛΡ
887 982 1058 1012 numinum
1071 982 1121 1013 P:
1138 983 1307 1013 nominum
1319 984 1404 1014 AB:
1423 984 1508 1014 hanc

185 1025 374 1055 RomaniP
387 1029 527 1065 clmmg.
544 1025 577 1054 A
594 1037 600 1055 :
625 1026 734 1055 honor
750 1025 839 1054 omni
859 1025 922 1054 BA
1015 1037 1032 1064 4
1058 1036 1199 1065 praecor
1214 1027 1246 1055 A
1321 1037 1339 1065 5
1357 1038 1508 1066 pacemq.

185 1074 217 1107 (q
237 1069 382 1108 inducta)
400 1068 432 1097 Α
546 1069 634 1099 hunc
653 1069 835 1107 principem
854 1068 926 1100 add.
948 1067 1079 1108 Lipsius
1201 1080 1217 1108 7
1242 1081 1301 1100 eos
1318 1070 1366 1102 P:
1392 1082 1507 1101 eorum

184 1112 215 1140 A
320 1122 358 1141 10
381 1112 548 1142 fortunate
577 1117 632 1141 aut
648 1112 811 1142 scelerata
829 1112 1033 1142 frustramini
1053 1113 1334 1153 Orcllt'sztppl'cbat.
1388 1115 1509 1145 ‘Vide-

184 1160 238 1184 tur
254 1154 307 1186 hic
324 1166 440 1194 parum
458 1156 578 1185 deesse
596 1156 628 1185 in
646 1156 706 1185 hac
725 1155 993 1194 peroratiuncula
1012 1157 1139 1187 uotitia.
1176 1168 1251 1187 nam
1270 1158 1303 1187 in
1322 1159 1508 1196 exemplari

186 1208 306 1228 uersus
323 1199 448 1237 aliquot
466 1205 561 1229 erant
579 1199 677 1235 erasi,
698 1199 807 1229 forsan
823 1199 863 1228 ab
880 1199 990 1237 aliquo
1002 1200 1169 1229 nebulone
1182 1200 1309 1230 facturo
1322 1202 1508 1240 periculum

184 1252 225 1271 an
244 1243 344 1271 illitae
363 1243 565 1272 membranis
583 1247 681 1272 notae
700 1242 847 1281 expungi
867 1243 996 1280 possint
1011 1242 1017 1254 ⁷
1042 1243 1224 1273 Rhenanus
1356 1244 1436 1274 Post
1451 1251 1509 1276 aut

184 1286 236 1324 pia
253 1285 433 1315 Amerbaclz
451 1285 575 1315 addsdz't
589 1286 674 1315 lmnc
687 1286 957 1325 subscrsptsonem,
977 1297 1057 1325 qnae
1073 1287 1259 1325 clmtditfol.
1278 1289 1319 1326 36
1335 1299 1355 1317 ιι

596 1339 709 1370 Tertio
736 1339 807 1370 Eid.
834 1339 920 1377 Aug.
948 1339 1097 1370 MDXVI

641 1383 785 1424 Basileieg
811 1382 848 1412 In
874 1383 961 1414 edib.
986 1384 1056 1414 suis

700 1427 760 1456 Bo.
786 1426 994 1457 Amerbaceh

558 1467 684 1508 Θεσμὸν
708 1468 782 1509 ἔρως
805 1470 862 1499 οὐκ·
886 1469 950 1500 οἶδε
973 1469 1134 1510 βιημάχος

853 1514 871 1539 p

835 1534 877 1574 V

818 2520 878 2552 143
