1799 2864
605 230 1035 268 PROLEGOMENA

154 340 302 391 grapho
322 338 573 378 Amerbachii
594 346 819 388 comparata
839 339 1047 388 praecipue
1068 340 1238 378 elucebit
1258 340 1332 379 utri
1352 340 1482 390 potius

155 412 286 449 danda
323 411 419 448 fides
449 409 507 447 sit.
580 411 673 447 Hoc
712 409 826 458 igitur
862 422 969 447 nunc
1007 410 1360 448 demonstrandum
1400 412 1481 458 erit,

156 487 439 519 uetustatem
469 479 773 528 incorruptae
803 479 1020 518 lectionis
1062 480 1214 529 qualis
1244 480 1288 518 in
1318 482 1484 520 codice

157 549 461 588 Murbacensi
492 549 581 587 fuit
613 563 664 587 ex
695 549 1005 587 Amerbachii
1039 552 1308 600 apographo
1336 553 1484 590 multo

155 620 306 669 magis
338 633 471 669 quarn
504 633 555 658 ex
588 620 809 657 Rhenani
838 621 906 658 ed.
939 633 999 669 pr.
1029 622 1331 670 repetendam
1360 635 1486 669 esse3

154 691 218 728 ed.
247 692 310 728 Pr.
346 690 410 741 (P)
449 704 472 728 a
513 690 675 728 Bureri
715 690 1005 729 lectionibus
1036 689 1103 741 (B)
1134 704 1185 729 ex
1223 691 1326 740 ipso
1367 693 1486 730 Mur-

154 760 345 799 bacensi
378 761 536 799 ductis
569 775 910 810 saepenumero
943 761 1220 810 discrepare,
1254 764 1347 800 Am.
1381 776 1487 811 apo—

140 823 361 880 graphon
384 830 452 881 (A)
475 831 716 870 rarissime.

213 915 241 939 1.
275 902 405 939 Verba
448 902 486 939 in
535 904 571 940 A
617 902 800 940 distracta
843 910 943 949 sunt,
989 901 1088 941 sicut
1133 902 1172 940 in
1219 903 1484 950 Murbacensi,

155 974 274 1010 haec:
296 972 317 1010 i.
347 986 402 1010 11.
430 987 448 1009 2
477 974 570 1010 aella
600 986 657 1010 eos
686 986 871 1022 suprascr.
896 974 1058 1020 achaeos,
1087 987 1142 1011 12.
1168 987 1189 1022 3
1215 979 1295 1011 acto
1311 973 1414 1025 (del.)
1445 988 1489 1012 ac

155 1048 268 1092 togae,
296 1056 352 1091 13.
380 1057 397 1079 2
420 1044 583 1081 deuictae
609 1056 671 1080 eas
690 1044 827 1093 egentzs
853 1057 923 1093 pro
944 1045 1107 1081 dem‘ctae
1126 1057 1149 1080 a
1170 1057 1205 1081 se
1220 1045 1353 1093 gentis,
1382 1058 1438 1092 14.
1465 1058 1483 1093 7

153 1115 255 1151 iussa
277 1115 375 1151 binis
395 1127 489 1152 corr.
513 1116 573 1152 ius
593 1116 758 1163 Sabinis,
787 1128 843 1164 17.
869 1118 890 1153 6
913 1117 1094 1154 naturali
1113 1128 1120 1135 ·
1142 1122 1266 1165 terque
1295 1129 1483 1165 suprascr.

155 1186 436 1234 naturalz'terq.‚
468 1185 503 1223 ii.
540 1200 570 1223 2.
607 1200 624 1223 2
654 1187 832 1224 descl‘uita
862 1199 932 1235 pro
961 1188 1117 1224 desciuit
1145 1200 1179 1234 a,
1204 1201 1237 1236 3.
1266 1201 1280 1224 1
1305 1200 1377 1224 sese
1405 1200 1487 1235 que-

154 1261 293 1292 rentur
311 1269 404 1293 corr.
437 1269 472 1293 se
500 1262 752 1305 sequerentur.
779 1259 811 1294 6.
838 1269 856 1306 5
879 1259 1100 1294 sedaturum
1130 1270 1200 1306 pro
1226 1270 1262 1294 se
1287 1258 1485 1304 daturum,

156 1325 206 1363 ib.
225 1339 363 1363 aurore
372 1332 586 1374 pensurum
603 1339 697 1364 corr.
721 1340 818 1364 auro
838 1334 1094 1376 repensurum,
1124 1330 1180 1365 16.
1201 1342 1216 1365 1
1237 1329 1332 1365 inste
1347 1329 1488 1366 iuscato

157 1409 227 1445 pro
255 1398 422 1434 Insteius
456 1398 560 1444 Cato,
601 1411 656 1447 19.
692 1411 706 1435 1
741 1412 787 1435 ex
817 1399 993 1436 turbauit
1018 1412 1088 1448 pro
1117 1400 1348 1446 exturbauit,
1373 1413 1432 1448 30.
1466 1410 1484 1449 5

158 1469 304 1517 Sparta
320 1469 482 1517 coraplis
497 1482 568 1517 pro
590 1470 775 1518 Spartaco
798 1470 929 1519 raptis,
951 1483 1010 1518 31.
1035 1484 1050 1506 1
1075 1471 1195 1518 magis
1209 1475 1295 1507 erat
1312 1471 1486 1507 uiturum

157 1550 344 1587 suprascr.
383 1539 612 1586 magistratu
647 1540 805 1586 iturum,
843 1552 902 1588 32.
934 1553 955 1588 3
986 1545 1032 1576 ut
1061 1540 1250 1577 lzoroscius
1279 1553 1350 1589 pro
1389 1541 1487 1578 Ollzo

156 1609 324 1655 Roscius,
349 1610 408 1656 38.
434 1620 453 1657 5
477 1622 565 1646 mox
588 1609 719 1646 habita
740 1610 788 1646 lis
815 1622 885 1658 pro
913 1622 1000 1646 mox
1026 1611 1073 1647 ab
1093 1610 1251 1657 Attalis,
1275 1623 1336 1657 44.
1364 1624 1381 1647 2
1403 1623 1488 1647 sece-

155 1680 274 1715 dendo
303 1691 373 1728 pro
401 1681 629 1727 secedendo,
654 1682 713 1728 67.
738 1694 762 1727 4
783 1681 920 1718 inferio
947 1684 1015 1718 (Ἓξ
1038 1694 1108 1730 pro
1135 1682 1238 1719 inter
1254 1682 1354 1729 iocos,
1382 1684 1440 1730 76.
1464 1695 1488 1729 4

157 1750 392 1788 Saluidiem's
420 1751 573 1786 caelesta
604 1751 759 1788 consilia
798 1764 868 1799 pro
900 1752 1120 1789 Saluz'dz‘eni
1143 1753 1288 1789 scelesta
1319 1753 1485 1799 consilia,

575 1828 614 1844 un

157 1855 217 1890 86.
253 1867 274 1902 3
305 1853 463 1891 uidisset
486 1858 573 1891 bum
603 1867 718 1903 quam
754 1868 826 1904 pro
856 1855 1012 1893 uidisset
1038 1868 1230 1905 umquam,
1261 1868 1321 1906 95.
1357 1870 1375 1893 2
1400 1864 1490 1906 per-

156 1924 337 1961 domuere.
394 1924 541 1961 Tantae
560 1937 631 1973 pro
645 1926 953 1974 perdomuerunt
972 1931 1069 1963 ante.

213 2007 244 2030 2.
280 1993 373 2031 Loci
395 1994 597 2043 deprauati
618 2008 717 2044 quos
739 1995 910 2034 exactius
931 1998 967 2034 A
987 2010 1106 2046 quam
1128 1998 1157 2034 P
1179 1997 1358 2036 seruauit.

211 2063 232 2101 i.
257 2077 312 2101 12.
336 2077 353 2112 7
373 2078 486 2113 neque
505 2078 540 2102 se
555 2067 682 2103 Roma
706 2067 784 2104 iam
806 2071 999 2104 serrarum
1020 2068 1105 2105 orbi
1119 2073 1296 2117 superato
1321 2082 1488 2106 securam

156 2136 357 2183 superauit
358 2135 466 2184 fores
477 2136 513 2172 si
523 2149 581 2173 mo
654 2150 770 2185 quam
786 2138 924 2175 stantis
940 2143 1109 2176 maneret
1124 2139 1375 2188 Carthaginis
1388 2141 1423 2176 A
1438 2153 1487 2177 m.

1261 2217 1278 2232 u
1282 2209 1306 2233 il
1309 2218 1327 2233 u

156 2251 224 2287 pr.,
256 2239 365 2288 quod
399 2239 528 2277 statim
564 2240 618 2278 sic
653 2241 816 2279 correxit
848 2243 1066 2291 speram't—
1090 2256 1267 2280 ore—mo
1304 2256 1489 2291 usquam:

157 2309 262 2346 unde
294 2308 424 2346 Baiter
453 2309 585 2348 elicuit
613 2312 649 2348 si
675 2310 918 2363 moni(me)t[c
947 2327 1117 2361 usquam.
1175 2315 1228 2350 At
1257 2312 1297 2350 in
1328 2315 1357 2350 P
1379 2321 1437 2351 est
1456 2315 1494 2352 si

157 2392 287 2416 nomen
315 2392 487 2428 usquam,
513 2388 646 2430 aperte
677 2379 963 2431 interpolatum.
1023 2383 1058 2421 ii.
1088 2397 1143 2431 14.
1168 2397 1182 2421 1
1211 2384 1393 2421 immensa
1419 2385 1489 2422 illa

154 2454 190 2485 et
225 2450 413 2498 incognita
447 2464 534 2499 ἤθει
568 2466 644 2499 qua
689 2454 787 2500 (52an
823 2453 1027 2504 (suprascr.
1075 2468 1169 2503 quae
1207 2453 1306 2505 eum)
1349 2462 1492 2505 semper

793 2523 859 2553 xvii
1303 2525 1327 2561 b
