1799 2864
742 236 914 272 LIBER
945 236 987 273 11

194 346 247 385 rei
282 346 460 396 publicae
494 344 689 392 membris,
725 344 841 383 etiam
880 346 1107 383 coaluerunt
1145 359 1244 394 quae
1283 354 1361 383 tarn
1400 347 1515 395 longa

194 424 390 449 armorum
424 410 539 448 series
573 411 816 447 lacerauerat.
878 409 1084 456 Delmatia,
1124 423 1245 447 annos
1282 422 1339 446 xx
1387 418 1425 448 et
1466 421 1514 447 cc

195 475 358 521 rebellis,
379 477 429 513 ad
457 483 600 513 certam
628 474 915 512 confessionem
938 482 1076 523 pacata
1102 483 1159 512 est
1189 474 1335 523 imperi.
1395 476 1514 523 Alpes

194 540 281 578 feris
302 539 534 588 incultisque
555 539 778 577 nationibus
799 539 970 577 celebres
987 539 1238 588 perdomitae.
1299 539 1515 588 Hispaniae

157 619 173 649 5
195 618 299 642 nunc
337 603 456 653 ipsius
494 603 722 653 praesentia,
762 617 868 641 nunc
906 603 1111 653 Agrippae,
1152 616 1271 652 quern
1308 616 1432 652 usque
1476 603 1515 640 in

195 668 349 706 tertium
370 670 616 707 consulatum
638 677 675 706 et
696 682 787 706 mox
816 668 1024 718 collegium
1054 668 1283 706 tribuniciae
1313 667 1514 717 potestatis

193 734 362 772 amicitia
392 734 576 784 principis
608 742 797 780 euexerat,
820 735 944 772 multo
965 733 1152 783 uarioque
1184 736 1310 772 Marte
1341 742 1511 783 pacatae.

193 799 232 836 in
253 813 349 849 quas
370 800 590 849 prouincias
612 814 700 838 cum
723 799 833 838 initio
854 799 1037 849 Scipione
1058 808 1095 837 et
1122 799 1354 849 Sempronio
1376 801 1514 849 Longo
1533 817 1546 836 2

194 865 420 903 consulibus
450 865 576 915 primo
605 879 710 904 anno
739 865 902 904 secundi
931 866 1021 902 belli
1050 865 1188 903 Punici
1217 865 1362 903 abhinc
1390 879 1515 903 annos

138 943 175 965 10
193 941 268 968 CCL
290 930 461 968 Romani
481 930 668 968 exercitus
690 930 885 968 misissent
908 931 1009 968 duce
1031 931 1102 969 Cn.
1127 930 1321 979 Scipione,
1344 930 1516 968 Africani

193 1004 341 1044 patruo,
364 1008 433 1044 per
455 1009 579 1033 annos
611 1007 659 1033 cc
690 995 729 1032 in
761 995 820 1033 his
852 996 976 1033 multo
1006 1003 1222 1044 mutuoque
1250 995 1302 1033 ita
1328 1004 1515 1033 certatum

193 1067 251 1097 est
280 1059 478 1109 sanguine,
501 1068 543 1097 ut
571 1059 722 1097 amissis
750 1062 789 1097 P.
815 1061 861 1097 R.
886 1059 1183 1109 imperatoribus
1207 1060 1518 1110 exercitibusque

193 1137 308 1173 saepe
336 1124 583 1171 contumelia,
606 1138 906 1173 nonnumquam
938 1124 1054 1162 etiam
1086 1124 1301 1174 periculum
1335 1128 1518 1164 Romano

194 1189 396 1227 inferretur
429 1188 602 1238 imperio.
662 1189 749 1227 illae
783 1189 888 1226 enim
922 1189 1148 1238 prouinciae
1187 1190 1390 1240 Scipiones
1430 1206 1519 1230 con-

139 1268 174 1300 ¹5
195 1262 467 1303 sumpserunt3
507 1254 594 1292 illae
628 1254 914 1292 contumelioso
949 1261 1042 1293 †xx
1080 1269 1273 1293 annorum
1308 1257 1412 1294 bello
1446 1258 1519 1295 sub

194 1321 295 1358 duce
326 1318 503 1357 Viriatho
536 1319 700 1357 maiores
740 1328 892 1358 nostros
927 1328 1205 1368 exercuerunt3
1252 1321 1338 1359 illae
1377 1329 1519 1359 terrore

196 1383 427 1421 Numantini
455 1384 546 1422 belli
578 1385 767 1433 populum
797 1386 1024 1422 Romanum
1052 1394 1357 1432 concusserunt3
1386 1385 1424 1423 in
1446 1386 1519 1424 illis

194 1457 305 1498 turpe
335 1450 383 1498 Q.
408 1449 571 1498 Pompei
605 1451 743 1487 foedus
778 1449 1004 1498 turpiusque
1036 1450 1213 1487 Mancini
1243 1459 1398 1488 senatus
1429 1465 1517 1489 cum

195 1514 409 1563 ignominia
429 1514 551 1552 dediti
572 1514 813 1563 imperatoris
835 1514 1015 1561 rescidit3
1054 1515 1117 1552 illa
1138 1523 1195 1553 tot
1215 1516 1439 1562 consularis,
1463 1524 1520 1554 tot

137 1592 176 1613 20
195 1579 406 1628 praetorios
438 1578 656 1628 absumpsit
694 1580 825 1622 duces,
862 1587 1094 1628 patrumque
1127 1587 1252 1617 aetate
1287 1579 1325 1617 in
1367 1589 1517 1618 tantum

193 1643 404 1682 Sertorium
425 1644 540 1681 armis
562 1643 706 1689 extulit,
729 1651 770 1681 ut
790 1657 859 1692 per
878 1643 1193 1693 quinquennium
1214 1644 1417 1683 diiudicari
1438 1659 1518 1684 non

193 1709 372 1758 potuerit,
397 1708 586 1758 Hispanis
609 1708 852 1746 Romanisne
873 1708 911 1746 in
932 1708 1048 1746 armis
1069 1710 1155 1758 plus
1176 1718 1277 1747 esset
1300 1710 1450 1748 roboris
1480 1719 1518 1749 et

192 1783 276 1813 uter
305 1777 474 1824 populus
504 1774 613 1812 alteri
645 1774 836 1824 pariturus
870 1776 978 1813 foret.
1037 1776 1106 1813 has
1145 1775 1258 1825 igitur
1295 1776 1516 1825 prouincias
1536 1787 1555 1815 4

192 1846 271 1876 tarn
292 1839 462 1886 diffusas,
481 1847 559 1877 tam
580 1839 803 1888 frequentiS‚
822 1847 901 1877 tam
921 1841 1019 1877 feras
1039 1841 1089 1878 ad
1110 1853 1196 1878 earn
1212 1853 1350 1889 pacem
1371 1841 1516 1879 abhinc

135 1909 172 1940 ²5
190 1918 315 1942 annos
347 1906 467 1942 ferme
498 1917 520 1941 L
550 1904 729 1954 perduxit
754 1906 897 1943 Caesar
922 1907 1133 1954 Augustus,
1156 1914 1198 1943 ut
1218 1919 1318 1955 quae
1339 1906 1516 1944 maximis

240 2014 253 2033 1
281 2004 379 2033 etiam
397 2003 592 2034 coaluerunt
608 2013 664 2042 ego
683 2007 860 2043 postquam
877 2003 983 2044 Beaegk
1005 2009 1037 2033 et
1055 2004 1208 2034 coaluere
1225 2010 1456 2044 proposuerat:
1482 2011 1515 2036 et

193 2057 304 2077 coram
322 2048 425 2076 aliero
442 2046 517 2083 ΑΡ,
539 2046 610 2076 uide
626 2046 753 2078 Comm,
776 2046 852 2077 Cm't.
987 2057 1008 2077 2
1033 2047 1185 2078 Damatia
1202 2058 1247 2078 xx
1265 2054 1298 2078 et
1314 2059 1362 2078 cc·
1381 2050 1516 2080 rebellis

192 2090 247 2122 A:
286 2090 451 2120 Dalmatia
473 2091 530 2121 ῖὶῖ.
550 2092 579 2121 &
596 2091 643 2120 ἔὸ.
669 2090 804 2120 rebellis
820 2090 870 2121 P:
895 2101 1004 2120 annos
1028 2091 1100 2120 add.
1120 2095 1196 2130 post
1218 2102 1257 2121 cc
1280 2092 1420 2131 Lipsius.
1443 2097 1518 2132 post

195 2133 362 2163 Dalmatia
388 2133 504 2165 Orelli:
523 2144 584 2172 per
599 2144 707 2163 annos
723 2133 839 2163 Nova'k
926 2145 945 2171 4
970 2134 1172 2173 incultisque
1190 2135 1365 2166 Heinsius:
1392 2137 1518 2166 multis-

193 2187 259 2215 que
276 2176 347 2206 AP
360 2176 448 2216 quod
459 2177 603 2207 seruauit
618 2177 715 2206 Kritz
818 2177 1025 2215 perdomitae
1041 2177 1092 2207 P:
1117 2188 1176 2216 per
1193 2179 1245 2208 do.
1266 2179 1333 2216 (sicli
1352 2178 1386 2208 A
1499 2189 1517 2217 5

193 2220 345 2259 Agrippe
361 2220 394 2250 A
497 2221 517 2249 6
540 2220 723 2250 tribunitiae
739 2219 810 2249 ΑΡ
896 2230 913 2259 7
937 2221 1087 2251 amicicia
1101 2221 1135 2251 A
1227 2223 1246 2251 8
1271 2222 1455 2260 prouintias
1468 2223 1516 2263 A,

194 2278 222 2304 et
235 2275 279 2304 sic
298 2285 345 2312 14,
365 2284 405 2312 23
559 2286 580 2314 9
603 2274 691 2305 COS
708 2274 764 2306 A:
798 2274 926 2306 COSS.
950 2274 984 2304 P
1134 2275 1211 2305 belli
1236 2275 1309 2305 add.
1342 2275 1518 2307 Heinsius:

194 2317 349 2356 ‘sortasse
363 2317 676 2357 subintelligendum,
697 2328 762 2348 non
780 2318 999 2348 inneltendum
1017 2318 1095 2348 belli
1107 2319 1115 2330 ’
1132 2318 1291 2358 Wopkens
1377 2330 1467 2349 anno
1483 2320 1517 2350 A

198 2371 236 2391 10
260 2361 431 2391 misissent
448 2361 481 2390 A
498 2372 505 2391 ε
529 2361 619 2391 missi
638 2366 754 2391 essent
770 2361 804 2390 P
900 2371 935 2391 11
962 2361 1026 2392 hiis
1042 2362 1076 2391 A
1094 2373 1100 2391 :
1125 2362 1176 2392 his
1193 2362 1226 2391 P
1358 2372 1396 2392 12
1423 2363 1457 2392 P.
1477 2363 1519 2392 R.

197 2404 367 2435 Gelenius:
400 2404 540 2434 Praetor
562 2404 633 2434 AP
762 2414 799 2443 13
823 2405 922 2435 etiarn
951 2416 1192 2444 nonnunquam
1216 2405 1293 2444 ΑΡ,
1323 2407 1523 2445 transposuit

197 2448 346 2478 Gelenius
480 2457 517 2485 15
541 2448 645 2477 immo
667 2458 689 2478 x
710 2451 746 2477 ut
766 2448 899 2487 Lipsius
915 2449 1018 2478 uoluit
1153 2450 1190 2478 16
1215 2449 1334 2479 timore
1358 2449 1428 2487 del„
1449 2449 1520 2479 dem

194 2496 353 2530 suprascr.
385 2495 516 2520 terrore
539 2490 572 2520 A
698 2501 738 2530 19
761 2491 853 2522 dedit
869 2491 902 2521 A
1016 2492 1172 2522 restindit
1188 2492 1221 2521 A
1324 2493 1520 2523 consulares

193 2534 265 2564 ΑΡ
391 2544 432 2564 22
456 2534 577 2573 poterit
593 2533 659 2564 BA
805 2543 846 2573 25
869 2544 1000 2566 annos
1020 2535 1053 2565 A

839 2595 899 2626 103
