1799 2864
686 235 855 271 LIBER
886 235 927 271 ΙΙ

151 352 354 389 Romanos
392 349 488 386 fides
522 346 604 393 fuit,
640 354 682 384 ut
715 358 869 394 semper
902 353 940 383 et
973 345 1012 382 in
1047 345 1155 383 omni
1189 358 1239 391 re,
1275 344 1469 394 quidquid

149 415 298 452 sincera
324 414 401 451 fide
427 419 630 461 gereretur,
656 410 696 448 id
725 409 895 448 Romani
922 409 1053 447 Attica
1079 409 1160 446 fieri
1188 408 1467 457 praedicarent.

149 487 320 516 ceterum
359 485 441 514 tum
480 474 654 524 oppressi
694 473 932 511 Mithridatis
970 472 1086 511 armis
1124 473 1304 510 homines
1343 472 1472 510 miser·
1493 486 1509 515 5

149 542 268 580 rimae
306 539 549 578 condicionis
588 552 677 576 cum
715 538 765 575 ab
799 537 966 575 inimicis
1004 545 1238 583 tenerentur,
1274 550 1472 585 oppugna—

114 619 129 649 5
151 607 291 645 bantur
309 605 360 642 ab
379 604 514 642 amicis
531 611 569 642 et
588 603 741 641 animos
762 610 867 640 extra
887 601 1053 648 moenia,
1072 615 1235 650 corpora
1251 601 1471 639 necessitati

95 935 132 956 10

103 1584 140 1605 20

150 670 361 708 seruientes
396 668 495 706 intra
528 681 659 706 muros
693 667 902 705 habebant.
962 675 1220 716 transgressus
1254 666 1399 704 deinde
1433 666 1471 703 in
1493 670 1510 700 6

151 735 283 773 Asiam
314 735 420 772 Sulla
439 740 640 783 parentem
667 733 717 770 ad
738 732 870 770 omnia
897 731 1194 781 supplicemque
1217 731 1472 768 Mithridaten

151 799 311 845 inuenit,
345 812 463 848 quem
502 799 709 835 multatum
747 796 915 846 pecunia
951 810 997 834 ac
1030 804 1138 845 parte
1172 795 1344 842 nauium,
1382 795 1475 833 Asia

151 864 414 913 omnibusque
441 863 524 901 aliis
550 862 773 912 prouinciis,
799 875 896 912 quas
927 861 1042 899 armis
1070 868 1341 910 occupauerat,
1364 861 1475 898 dece-

151 929 243 966 dere
263 928 400 977 coegit,
423 927 600 976 captiuos
629 926 785 975 recepit,
808 926 846 963 in
868 927 1046 975 perfugas
1067 925 1283 974 noxiosque
1303 924 1477 962 animad-

152 993 276 1040 uertit,
299 992 479 1042 paternis,
502 992 541 1030 id
562 1000 619 1029 est
641 990 813 1029 Ponticis
834 990 977 1028 finibus
998 998 1228 1028 contentum
1249 1003 1334 1027 esse
1354 988 1474 1026 iussit.

206 1059 249 1097 C.
270 1057 426 1095 Flauius
444 1056 625 1102 Fimbria,
643 1056 709 1105 qui
726 1057 942 1105 praefectus
958 1054 1134 1104 equitum
1150 1062 1240 1092 ante
1260 1055 1476 1092 aduentum
1496 1063 1547 1099 24

154 1125 284 1161 Sullae
322 1121 521 1160 Valerium
558 1123 743 1159 Flaccum
783 1121 1029 1158 consularem
1068 1119 1195 1157 uirum
1234 1119 1477 1157 interfecerat

154 1187 402 1236 exercituque
432 1194 625 1235 occupato
659 1185 868 1234 imperator
896 1185 1112 1234 appellatus
1149 1185 1293 1228 †fonte
1330 1182 1480 1220 Mithri-

155 1253 273 1290 daten
321 1252 522 1300 pepulerat
569 1250 729 1299 proelio,
783 1250 856 1287 sub
903 1250 1077 1287 aduentu
1125 1250 1254 1286 Sullae
1304 1261 1344 1286 se
1396 1247 1479 1296 ipse

156 1315 362 1362 interemit,
401 1316 644 1361 adulescenS,
685 1327 786 1363 quae
830 1313 999 1362 pessime
1042 1326 1159 1351 ausus
1201 1320 1292 1358 erat,
1333 1311 1480 1350 fortiter

157 1390 370 1420 exsecutus.
430 1381 571 1418 eodem
600 1393 705 1417 anno
738 1381 777 1416 P.
803 1381 953 1416 Laenas
983 1378 1161 1416 tribunus
1188 1379 1236 1427 pl.
1261 1379 1345 1415 Sex.
1371 1376 1480 1414 Luci-
1504 1387 1517 1407 ὲ

158 1447 264 1492 lium,
287 1445 353 1495 qui
382 1443 454 1497 [in]
482 1444 608 1494 priore
634 1457 739 1481 anno
767 1443 945 1481 tribunus
969 1444 1019 1492 pl.
1042 1444 1176 1488 fuerat,
1199 1455 1291 1480 saxo
1311 1440 1481 1490 Tarpeio

158 1511 310 1557 deiecit,
333 1518 370 1548 et
390 1523 481 1547 cum
508 1510 679 1558 collegae
706 1508 799 1554 eius,
822 1507 965 1557 quibus
992 1507 1097 1545 diem
1124 1507 1282 1553 dixerat,
1305 1514 1411 1544 metu
1432 1506 1483 1543 ad

160 1578 306 1615 Sullam
327 1575 595 1624 perfugissent,
617 1587 719 1623 aqua
745 1573 903 1622 ignique
930 1572 975 1610 iis
1002 1572 1207 1610 interdixit.
1267 1580 1350 1609 tum
1378 1572 1484 1609 Sulla
1504 1583 1521 1613 3

160 1639 387 1689 compositis
404 1638 667 1677 transmarinis
684 1638 810 1684 rebus,
826 1651 916 1675 cum
933 1638 983 1675 ad
1004 1650 1094 1675 eum
1115 1637 1284 1686 primum
1306 1635 1483 1674 omnium

162 1707 433 1743 Romanorum
465 1703 580 1753 legati
608 1704 840 1740 Parthorum
875 1701 1082 1748 uenissent,
1112 1709 1149 1739 et
1178 1700 1218 1738 in
1248 1700 1293 1738 iis
1323 1699 1484 1749 quidam

161 1770 263 1819 magi
294 1783 340 1807 ex
366 1768 469 1807 notis
501 1767 673 1817 corporis
705 1766 998 1816 respondissent
1025 1767 1234 1803 caelestem
1261 1764 1343 1803 eius
1364 1764 1485 1802 uitam

209 1883 221 1903 1
241 1873 350 1911 quicq.
368 1870 402 1900 P
516 1881 535 1901 2
559 1881 703 1910 syncera
721 1869 792 1899 ΑΡ
853 1874 1013 1908 ageretur
1030 1874 1208 1907 gereretur
1223 1867 1256 1896 A
1373 1877 1392 1905 3
1417 1873 1485 1897 tum

164 1917 227 1946 BA
244 1927 250 1947 :
277 1926 351 1945 cum
365 1914 398 1944 P
497 1926 516 1953 4
542 1915 659 1944 malim
677 1924 751 1944 cum
768 1914 809 1943 ab
827 1913 970 1943 inimicis
988 1916 1194 1950 tenerentur,
1210 1916 1488 1950 oppugnarentur

164 1961 204 1990 ab
221 1960 346 1996 amicis,
366 1958 494 1988 animos
510 1962 561 1988 etc.
651 1967 670 1996 5
696 1956 899 1987 necessitate
916 1956 1096 1986 seruientis
1107 1955 1139 1984 A
1231 1956 1251 1984 6
1275 1955 1307 1984 in
1326 1954 1408 1984 Asia
1422 1953 1492 1982 ΑΡ

166 2014 182 2042 7
208 2004 248 2033 ad
262 2001 423 2032 Ruhnken
438 2013 444 2031 2
462 2006 539 2032 ante
556 2000 645 2031 AP:
666 2006 745 2031 ante
763 2001 873 2031 omnia
891 2000 1050 2040 lVopkens
1065 2002 1072 2016 ⁴
1084 1998 1261 2028 confestim
1274 1998 1280 2007 '
1298 1998 1425 2037 interpr.
1445 2000 1490 2026 cst

166 2046 250 2085 supl.
265 2045 297 2075 A
370 2045 596 2075 Mithridatem
609 2044 642 2074 A
660 2056 666 2075 ε
684 2045 775 2074 -date
788 2043 822 2073 P
885 2045 904 2074 8
923 2044 1102 2073 multatum
1122 2041 1192 2071 AF
1259 2052 1297 2072 10
1314 2042 1488 2080 perfugam

166 2089 236 2119 ΑΡ
296 2099 307 2118 1
318 2100 330 2119 1
351 2099 426 2119 esse
440 2093 636 2119 contentum
648 2087 680 2117 A
770 2088 864 2117 ‹iu-bet
876 2087 971 2117 iussit
982 2087 1013 2115 A
1032 2086 1101 2126 (sic)
1195 2095 1232 2123 13
1250 2086 1368 2115 ssacum
1382 2084 1413 2112 A
1429 2084 1494 2113 nisi

156 2133 264 2173 fallor
417 2142 454 2169 14
479 2143 529 2171 ap.
547 2131 580 2160 A
687 2131 763 2161 forti
788 2130 975 2162 Puteanus:
1001 2136 1123 2169 sponte
1145 2129 1253 2158 Halm
1361 2127 1490 2157 Mithri-

167 2178 279 2207 datem
299 2175 331 2205 A
445 2177 483 2205 16
507 2176 673 2214 pessimae
690 2174 721 2204 A
832 2184 867 2213 17
893 2184 986 2205 exec.
1004 2172 1075 2202 AF
1162 2172 1195 2203 P.
1215 2172 1304 2202 AP:
1330 2171 1491 2210 Popillius

167 2220 278 2249 Aldus
359 2219 428 2249 Sex
448 2218 480 2247 A
498 2230 505 2249 ε
541 2219 634 2249 Sext.
653 2218 686 2248 P
819 2219 855 2247 18
879 2217 935 2256 qui
953 2217 985 2247 in
1009 2217 1119 2256 priore
1136 2215 1206 2244 ΑΡ
1337 2225 1375 2253 19
1400 2218 1491 2243 metu

168 2263 292 2293 Burer:
322 2268 412 2292 motu
429 2261 517 2292 AP:
549 2267 649 2292 noctu
671 2261 806 2291 Vrsinus
938 2271 980 2290 20
1003 2260 1230 2299 perfugissent
1248 2258 1378 2288 Bm'ler:
1406 2257 1491 2296 prof.

168 2306 238 2335 ΑΡ
322 2316 359 2335 21
388 2315 494 2344 comp.
511 2304 562 2336 P:
586 2311 657 2345 cop.
670 2305 702 2334 A
793 2315 835 2334 22
860 2304 892 2334 in
910 2304 980 2334 isA
1072 2314 1112 2342 23
1136 2304 1237 2332 uitam
1251 2308 1284 2332 et
1298 2311 1492 2331 memoriam

367 2357 394 2373 m

169 2382 220 2413 P:
245 2383 277 2413 in
301 2383 369 2412 uita
393 2382 457 2419 inQ.
482 2383 675 2412 memoriam
699 2381 731 2410 A
754 2381 857 2421 prins,
885 2380 994 2411 deinde
1015 2381 1080 2416 ino.
1110 2382 1277 2409 mntafmn
1301 2382 1345 2407 est
1369 2377 1402 2406 in
1425 2377 1492 2407 in&

171 2426 241 2463 (sid
258 2438 264 2457 :
292 2426 404 2465 scripsi
418 2426 520 2456 uitam
538 2426 810 2463 memoriamque.
857 2425 935 2455 coni.
954 2424 1102 2454 Laurent
1117 2423 1343 2460 inuictamque
1359 2432 1365 2451 ε
1397 2420 1498 2451 Orelli

171 2470 270 2500 uitam
287 2475 387 2508 atque
403 2480 409 2499 :
435 2469 632 2500 Cornelissen
650 2479 678 2500 c.
696 2474 728 2499 et
746 2468 895 2498 diuinam
912 2468 984 2498 eius
1002 2478 1042 2499 m.
1065 2467 1086 2499 f.

809 2565 848 2596 4¹
