1799 2864
103 931 141 952 10

705 220 876 258 LIBER
907 221 926 258 Ι

159 330 272 369 nouis
301 329 526 369 hominibus
555 329 658 379 prior
686 328 884 367 Mummio
911 341 1132 378 cognomen
1159 328 1300 366 uirtute
1329 335 1482 378 partum

160 395 384 434 uindicauit.
452 394 595 433 diuersi
643 393 941 443 imperatoribus
990 406 1128 439 mores,
1178 392 1332 431 diuersa
1378 394 1484 430 fuere
1504 403 1521 434 3

161 460 310 498 studia:
358 459 504 508 quippe
538 458 670 508 Scipio
704 466 784 496 tam
818 459 974 508 elegans
1013 457 1231 495 liberalium
1266 457 1483 495 studiorum

163 523 369 572 omnisque
389 523 591 562 doctrinae
611 530 649 561 et
669 530 805 562 auctor
824 530 862 561 et
882 521 1093 561 admirator
1113 521 1195 568 fuit,
1214 529 1255 559 ut
1276 521 1483 570 Polybium

163 588 480 638 Panaetiumque,
516 588 786 638 praecellentis
826 587 983 637 ingenio
1017 587 1133 634 uiros,
1169 586 1279 625 domi
1313 585 1486 623 militiae-

160 666 236 701 que
266 666 399 691 secum
431 653 620 691 habuerit.
680 666 808 702 neque
836 652 941 691 enim
968 652 1176 702 quisquam
1204 653 1280 690 hoc
1301 650 1485 700 Scipione

159 717 373 767 elegantius
404 717 607 756 interualla
638 717 882 767 negotiorum
915 717 996 756 otio
1028 716 1227 766 dispunxit
1254 729 1486 765 semperque

159 790 225 820 aut
259 782 350 820 belli
381 790 447 820 aut
477 782 584 832 pacis
619 782 751 821 seruiit
781 782 951 820 artibus:
993 795 1147 831 semper
1176 781 1276 819 inter
1305 794 1412 818 arma
1440 793 1486 818 ac

160 846 288 884 studia
309 854 484 885 uersatus
504 854 571 885 aut
591 861 732 897 corpus
759 846 941 896 periculis
967 854 1034 884 aut
1063 845 1240 884 animum
1270 844 1486 894 disciplinis

161 911 340 949 exercuit.
401 912 620 951 Mummius
641 920 721 950 tam
747 912 853 951 rudis
880 912 963 960 fuit,
985 919 1027 950 ut
1048 919 1162 961 capta
1182 911 1375 951 Corintho
1395 924 1486 949 cum
1506 927 1525 955 4

162 977 419 1016 maximorum
450 979 642 1017 artificum
669 980 860 1028 perfectas
888 978 1070 1017 manibus
1097 978 1249 1016 tabulas
1269 991 1315 1015 ac
1341 984 1487 1015 statuas

161 1043 200 1080 in
223 1043 376 1081 Italiam
396 1045 608 1093 portandas
630 1045 785 1091 locaret,
804 1043 955 1082 iuberet
970 1043 1143 1093 praedici
1159 1041 1485 1088 conducentibus,

162 1109 192 1145 si
213 1122 276 1146 eas
297 1109 570 1158 perdidissent,
593 1123 717 1148 nouas
738 1123 806 1148 eos
826 1109 1057 1148 reddituros.
1117 1122 1197 1146 non
1228 1115 1360 1146 tamen
1391 1114 1487 1156 puto
1507 1118 1524 1149 5

162 1173 328 1220 dubites,
360 1173 501 1221 Vinici,
533 1174 628 1224 quin
662 1174 784 1224 magis
816 1188 886 1224 pro
917 1188 957 1212 re
990 1173 1148 1223 publica
1179 1172 1292 1211 fuerit
1331 1185 1488 1210 manere

124 1257 139 1286 5
161 1239 291 1276 adhuc
312 1239 450 1276 rudem
472 1239 767 1278 Corinthiorum
788 1239 1030 1277 intellectum
1052 1252 1169 1288 quam
1198 1237 1236 1275 in
1264 1231 1416 1275 tantum
1443 1250 1489 1274 ea

162 1303 344 1352 intellegi,
386 1311 423 1341 et
462 1303 557 1352 quin
595 1305 669 1342 hac
707 1303 915 1353 prudentia
959 1303 1023 1340 illa
1065 1301 1314 1352 inprudentia
1355 1300 1488 1339 decori

163 1367 322 1416 publico
343 1367 455 1406 fuerit
476 1368 784 1406 conuenientior.

219 1434 321 1471 Cum
359 1432 509 1471 facilius
548 1433 738 1482 cuiusque
772 1432 829 1471 rei
868 1432 908 1470 in
946 1446 1070 1470 unum
1104 1439 1304 1470 contracta
1338 1430 1487 1480 species
1507 1438 1551 1474 14

165 1510 283 1545 quam
313 1496 439 1535 diuisa
467 1498 709 1547 temporibus
739 1497 862 1536 oculis
891 1497 1111 1546 animisque
1141 1497 1350 1542 inhaereat,
1373 1494 1490 1533 statui

107 1582 121 1602 2
166 1562 333 1610 priorem
355 1561 469 1600 huius
491 1563 703 1601 uoluminis
723 1562 1059 1612 posterioremque
1085 1569 1236 1611 partem
1263 1574 1343 1599 non
1364 1559 1490 1598 inutili

165 1640 292 1664 rerum
313 1626 452 1665 notitia
471 1627 511 1665 in
531 1636 657 1666 artum
674 1634 874 1666 contracta
894 1627 1133 1676 distinguere
1153 1634 1271 1675 atque
1291 1625 1383 1664 huic
1403 1626 1492 1663 loco

165 1692 344 1738 inserere,
385 1705 486 1741 quae
524 1706 684 1742 quoque
722 1700 899 1743 tempore
943 1700 1032 1742 post
1081 1694 1252 1730 Romam
1299 1704 1323 1729 a
1370 1690 1491 1729 Gallis

166 1764 321 1806 captam
342 1758 513 1795 deducta
544 1758 592 1796 sit
619 1758 775 1796 colonia
805 1757 912 1796 iussu
940 1765 1097 1796 senatus
1113 1772 1123 1805 ;
1152 1770 1243 1795 nam
1268 1755 1492 1793 militarium

167 1830 204 1859 et
225 1834 365 1859 causae
385 1828 423 1859 et
443 1830 620 1861 auctores
648 1830 686 1861 et
710 1823 881 1872 ipsarum
908 1824 1151 1872 praefulgent
1172 1821 1342 1860 nomina.
1401 1820 1493 1858 huic

111 1905 145 1935 ²5
167 1886 220 1924 rei
273 1899 340 1936 per
386 1886 492 1925 idem
545 1895 699 1937 tempus
752 1887 920 1926 ciuitatis
973 1894 1203 1937 propagatas
1255 1892 1495 1934 auctumque

171 1953 396 1989 Romanum
435 1965 581 1990 nomen
621 1952 902 1991 communione
940 1952 1031 1990 iuris
1070 1953 1176 1990 haud
1218 1949 1495 1999 intempestiue

169 2014 383 2053 subtexturi
404 2015 594 2055 uidemur.
653 2024 742 2066 post
763 2025 914 2067 septem
934 2031 1059 2055 annos
1081 2030 1198 2066 quam
1228 2015 1330 2054 Galli
1356 2015 1494 2053 urbem
1517 2030 1531 2050 2

170 2087 364 2130 ceperant,
405 2081 576 2119 Sutrium
619 2083 791 2120 deducta
834 2081 991 2120 colonia
1028 2089 1086 2120 est
1130 2090 1167 2119 et
1212 2088 1301 2130 post
1347 2092 1495 2117 annum

218 2189 229 2207 1
256 2182 400 2216 partum
413 2179 461 2208 A:
474 2190 556 2210 num
569 2181 743 2219 paratum?
812 2190 831 2209 2
848 2179 995 2226 diuersis
1008 2179 1040 2209 A
1059 2190 1066 2209 ε
1084 2179 1209 2209 diuersi
1223 2178 1256 2208 P
1268 2189 1274 2207 :
1288 2178 1370 2216 fort.
1386 2176 1495 2207 diuer-

171 2264 227 2283 sus
246 2254 323 2292 imp.
343 2264 414 2285 mos
434 2260 468 2286 et
490 2256 520 2287 d.
539 2256 559 2287 f.
583 2257 694 2287 studia
826 2266 845 2294 4
871 2223 1122 2286 §diuiditgirator
1138 2256 1170 2285 A
1309 2263 1328 2292 5
1346 2252 1496 2292 praecel-

577 2308 610 2325 ΞΟ

172 2330 270 2360 lentis
281 2329 330 2361 A:
347 2332 425 2362 -teis
436 2331 470 2360 P
547 2334 567 2363 8
581 2335 615 2364 δὲ
630 2333 662 2363 Α
740 2343 775 2363 11
789 2332 853 2364 tab.
869 2333 902 2363 A
990 2334 1029 2363 16
1052 2332 1193 2370 intelligi
1207 2331 1276 2362 ΑΡ
1341 2330 1418 2369 imp.
1429 2328 1501 2359 ΑΡ

173 2384 211 2403 21
240 2373 273 2403 in
290 2379 399 2404 artum
417 2375 487 2405 ΑΡ
571 2387 612 2416 23
629 2377 740 2407 iussus
756 2376 788 2406 A
880 2387 922 2415 24
946 2386 1046 2406 causa
1059 2376 1129 2406 ΑΡ
1145 2376 1201 2404 ‘cx
1217 2378 1276 2405 net.
1294 2374 1337 2404 sic
1351 2373 1500 2403 habuisse

175 2415 308 2455 m'detur,
337 2428 460 2458 causae,
490 2420 614 2459 apiculo
637 2420 691 2450 illo
716 2430 779 2459 quo
798 2419 843 2458 fit
867 2418 1090 2460 diphthongus
1112 2418 1245 2448 abraso'
1270 2417 1380 2447 Burer
1463 2420 1498 2446 et

174 2460 322 2498 ipsarum
346 2485 354 2492 .
371 2486 399 2493 ..
427 2462 561 2492 nomina
584 2463 672 2493 AP:
700 2473 744 2494 ex
768 2463 915 2502 ipsarum
939 2487 947 2495 .
965 2487 971 2494 .
990 2488 997 2495 .
1021 2462 1159 2493 nomine
1180 2462 1358 2491 Burmann
1455 2468 1497 2498 25

175 2502 328 2535 ciuitates
352 2503 443 2535 AP:
482 2505 652 2536 ciuitatem
683 2511 903 2546 propagatam
926 2506 1060 2546 Lipsius
1183 2505 1224 2534 28
1255 2506 1419 2543 ceperunt
1445 2502 1498 2533 P:

176 2553 353 2585 coeperunt
369 2548 415 2589 A,
435 2559 495 2581 em.
511 2549 654 2590 Madusg
730 2549 897 2590 Sutrium]
917 2549 1084 2581 Satricum
1100 2548 1258 2590 Sigonius
1273 2550 1301 2578 et
1320 2546 1456 2577 Vrsinus

819 2609 857 2640 13
