1799 2864
674 195 879 233 VELLEI
909 196 1226 235 PATERCVLI

292 304 499 343 orientium
519 304 706 343 iuuenum
727 306 897 344 obstaret
926 305 1055 353 initiis,
1077 306 1319 345 dissimulata
1339 319 1455 345 causa
1475 305 1612 345 consili

291 369 362 416 sui,
395 378 659 408 commeatum
693 371 743 408 ab
776 384 912 409 socero
945 379 1062 421 atque
1100 372 1241 410 eodem
1280 370 1417 409 uitrico
1454 370 1613 420 adquie-

255 446 273 477 3
292 434 427 472 scendi
450 448 473 472 a
493 435 786 474 continuatione
810 436 987 474 laborum
1017 435 1136 484 petiit.
1196 435 1282 485 quis
1306 435 1419 473 fuerit
1445 448 1492 473 eo
1519 443 1613 473 tem-

291 512 386 548 pore
406 499 573 538 ciuitatis
594 500 760 547 habitus,
783 500 849 549 qui
871 500 1110 549 singulorum
1130 499 1261 546 animi,
1277 513 1377 550 quae
1397 499 1613 549 digredien-

292 563 389 601 tium
418 577 441 602 a
469 572 578 602 tanto
608 564 691 602 uiro
721 564 898 602 omnium
928 564 1120 611 lacrimae,
1142 577 1260 614 quam
1284 577 1408 613 paene
1433 563 1467 602 ei
1491 563 1614 613 patria

253 641 273 669 4
292 642 451 666 manum
482 628 665 675 iniecerit,
688 628 790 667 iusto
817 642 1016 666 seruemus
1042 628 1172 677 operi:
1202 627 1298 666 illud
1324 628 1440 666 etiam
1468 628 1506 665 in
1537 629 1613 666 hoc

291 700 511 731 transcursu
532 693 745 731 dicendum
766 701 834 739 est,
857 692 910 730 ita
929 701 1079 742 septem
1099 706 1224 730 annos
1246 692 1380 731 Rhodi
1406 701 1612 739 moratum,

291 765 333 794 ut
354 770 502 804 omnes,
526 757 592 807 qui
612 771 682 807 pro
703 757 930 795 consulibus
951 757 1145 807 legatique
1169 757 1208 794 in
1235 757 1508 795 transmarinas
1529 770 1614 806 pro-

292 821 382 859 fecti
402 821 634 870 prouincias,
657 821 811 860 uisendi
837 822 919 860 eius
948 821 1068 871 gratia
1094 830 1294 871 tamquam
1323 823 1374 860 ad
1397 821 1613 871 principem

292 887 573 925 conuenientes
605 900 758 936 semper
787 887 951 937 priuato,
985 887 1016 925 si
1047 887 1111 925 illa
1142 887 1321 925 maiestas
1352 887 1503 936 priuata
1533 900 1615 924 um—

292 965 409 1001 quam
431 951 512 998 fuit,
535 953 658 990 fasces
683 965 774 990 suos
801 951 1065 990 summiserint
1088 952 1258 1002 fassique
1285 951 1361 990 sint
1387 951 1511 990 otium
1532 950 1614 989 eius

291 1016 517 1055 honoratius
538 1016 701 1066 imperio
722 1029 803 1055 suo.

199 1083 277 1111 100
348 1081 476 1119 Sensit
514 1089 699 1119 terrarum
738 1081 842 1120 orbis
880 1080 1095 1130 digressum
1139 1094 1163 1118 a
1199 1080 1378 1118 custodia
1416 1081 1615 1118 Neronem

292 1146 421 1184 urbis:
469 1160 560 1184 nam
605 1154 643 1184 et
687 1148 852 1185 Parthus
891 1146 1112 1184 desciscens
1150 1159 1173 1184 a
1210 1145 1396 1184 societate
1434 1146 1617 1183 Romana

290 1212 432 1251 adiecit
470 1211 680 1250 Armeniae
718 1226 879 1250 manum
918 1220 956 1250 et
990 1211 1201 1250 Germania
1233 1211 1377 1249 auersis
1411 1209 1615 1249 domitoris

257 1295 271 1315 2
290 1277 349 1315 sui
369 1276 492 1315 oculis
512 1276 724 1315 rebellauit.
783 1285 822 1314 at
842 1276 882 1314 in
902 1277 998 1314 urbe
1018 1290 1065 1315 eo
1092 1276 1178 1326 ipso
1201 1289 1317 1323 anno,
1340 1289 1419 1326 quo
1443 1274 1616 1324 magnifi-

290 1341 523 1379 centissimis
556 1340 773 1390 gladiatorii
806 1341 977 1379 muneris
1015 1340 1351 1390 naumachiaeque
1384 1339 1616 1390 spectaculis

290 1405 404 1443 diuus
443 1408 642 1454 Augustus
680 1405 825 1443 abhinc
862 1419 986 1444 annos
1025 1417 1114 1443 XXX
1153 1419 1193 1444 se
1232 1413 1269 1443 et
1301 1406 1415 1444 Gallo
1447 1403 1616 1444 Caninio

291 1469 529 1517 consulibus,
545 1469 728 1508 dedicato
751 1469 887 1508 Martis
908 1471 1056 1519 templo
1072 1470 1224 1508 animos
1245 1472 1461 1520 oculosque
1480 1469 1616 1519 populi

293 1534 465 1573 Romani
494 1536 720 1584 repleuerat,
746 1535 863 1572 foeda
891 1532 962 1586 [in]
989 1534 1096 1572 dictu
1126 1534 1393 1584 memoriaque
1422 1535 1617 1573 horrenda

257 1599 331 1641 3in
360 1598 481 1648 ipsius
511 1600 632 1637 domo
662 1607 873 1648 tempestas
903 1598 1038 1648 erupit.
1098 1599 1244 1649 quippe
1278 1599 1356 1637 filia
1389 1599 1471 1638 eius
1504 1600 1614 1647 Iulia,

291 1677 359 1713 per
379 1663 512 1702 omnia
531 1663 628 1701 tanti
647 1663 817 1713 parentis
843 1676 889 1701 ac
915 1663 987 1701 uiri
1007 1663 1210 1710 inmemor,
1233 1664 1340 1711 nihil,
1363 1665 1471 1714 quod
1491 1666 1617 1703 facere

291 1737 357 1767 aut
390 1729 470 1778 pati
504 1729 666 1778 turpiter
698 1736 831 1778 posset
864 1728 1020 1776 femina,
1052 1729 1201 1767 luxuria
1231 1729 1394 1768 libidine
1428 1729 1617 1768 infectum

291 1793 446 1843 reliquit
477 1793 868 1844 magnitudinemque
899 1795 1077 1832 fortunae
1111 1807 1203 1832 suae
1236 1794 1428 1843 peccandi
1461 1794 1618 1832 licentia

326 1908 339 1928 1
355 1897 562 1928 consiliiAP
619 1908 638 1927 2
655 1897 836 1928 uictricoA
898 1909 917 1937 4
934 1909 1020 1937 quae
1031 1898 1291 1937 digredientium
1305 1909 1368 1929 om.
1383 1900 1415 1929 in
1429 1902 1524 1937 textu,
1541 1898 1615 1930 add.

293 1941 325 1971 in
340 1952 444 1981 mmg.
461 1942 495 1971 A
566 1951 586 1980 5
611 1952 629 1971 a
652 1947 743 1972 tanto
759 1942 810 1972 P:
841 1944 871 1973 &
888 1948 968 1972 anto
984 1942 1017 1972 A
1080 1952 1167 1981 pene
1183 1942 1216 1971 A
1309 1952 1326 1981 7
1350 1948 1513 1973 moratum
1530 1942 1596 1972 BA
1611 1954 1618 1975 ς

807 1993 820 2010 S

293 2024 457 2049 moratum
469 2018 540 2049 *est
550 2018 584 2048 P
668 2019 688 2049 8
705 2019 875 2058 legatique
885 2019 919 2049 A
938 2019 1006 2058 (sic)
1052 2024 1130 2049 sunt
1142 2018 1214 2050 add.
1229 2019 1337 2049 Halm
1412 2030 1433 2059 9
1450 2024 1618 2058 tamquam

293 2063 335 2092 ad
347 2063 532 2101 principem
543 2063 668 2101 scripsi:
687 2063 729 2092 ad
743 2073 841 2101 quem
853 2062 925 2092 ΑΡ
998 2073 1037 2093 10
1054 2063 1186 2102 priuato
1203 2063 1231 2092 si
1249 2063 1304 2092 illa
1319 2062 1452 2093 Aldus:
1470 2064 1619 2103 priuatos

295 2106 350 2136 illa
360 2105 432 2135 AF
496 2116 652 2145 umquam
662 2106 789 2136 Aldus:
809 2116 991 2145 numquam
1001 2106 1072 2136 ΑΡ
1160 2116 1197 2135 12
1209 2106 1492 2146 posthonoratius
1505 2106 1621 2137 Nova'k

295 2149 431 2179 addebat
443 2159 518 2180 esse
610 2151 649 2179 16
664 2150 1005 2188 magnificentissimis
1014 2149 1124 2190 cuper,
1134 2150 1171 2189 cs.
1181 2152 1231 2188 56.
1247 2159 1259 2179 1
1273 2162 1279 2180 ε
1297 2150 1619 2188 magnificentissimi

294 2203 365 2234 ΑΡ
431 2204 469 2233 18
487 2203 599 2244 diuus]
615 2204 738 2235 D.AP
823 2214 893 2234 xxx
908 2204 942 2233 A
960 2215 967 2234 :
991 2214 1070 2235 xxx.
1084 2203 1118 2234 P
1218 2214 1258 2243 19
1275 2204 1406 2235 COSA
1422 2215 1428 2235 ε
1447 2204 1571 2236 COSS.
1590 2203 1624 2234 P

295 2247 408 2277 animo
423 2247 457 2277 A
571 2258 613 2278 20
630 2247 728 2278 foeda‘
742 2248 773 2277 in
793 2248 882 2278 dictu
895 2247 943 2285 A,
957 2248 1041 2278 scd·-
1052 2247 1180 2277 inducto
1195 2258 1202 2278 :
1227 2248 1324 2278 foeda
1342 2249 1430 2278 dictu
1446 2248 1480 2277 P
1579 2257 1617 2278 21

297 2291 334 2320 In
349 2291 421 2327 del„
441 2290 512 2321 dein
529 2296 689 2330 suprascr.
705 2291 737 2320 in
753 2291 787 2320 A
807 2292 838 2321 si
855 2294 929 2321 recte
945 2292 1167 2331 t'nleaeprctatus
1183 2302 1261 2321 sum
1383 2302 1424 2321 22
1450 2291 1536 2322 imm.
1553 2290 1624 2320 ΑΡ

296 2344 336 2373 23
360 2335 462 2364 libide
487 2333 555 2373 del„
579 2334 649 2364 dein
673 2340 831 2374 suprascr.
858 2335 996 2364 libidine
1017 2334 1072 2366 A:
1098 2334 1279 2366 libidineue
1298 2335 1418 2373 Halm,
1441 2335 1623 2375 refragante

295 2377 411 2408 Nova'k
427 2383 464 2417 p.
488 2378 541 2414 68,
567 2378 626 2417 qui
642 2378 795 2417 praetulit
821 2378 1026 2409 Orellianum
1048 2388 1086 2408 ac
1103 2378 1253 2410 libidine.
1322 2379 1451 2419 Rt'guez
1473 2379 1622 2409 seruauit

297 2421 483 2461 asyndeton,
504 2432 600 2461 quem
616 2431 732 2461 sequor
832 2432 872 2459 24
897 2422 1041 2461 pecandi
1057 2421 1090 2451 A

930 2515 992 2539 110

1636 906 1675 928 10

1637 1551 1676 1571 20
