1799 2864
655 220 856 258 VELLEI
888 219 1204 259 PATERCVLI

230 346 248 374 4
269 333 416 370 bellum
431 331 656 382 Carthagini
676 331 753 370 iam
773 339 864 370 ante
884 331 1088 371 biennium
1109 345 1131 370 a
1151 331 1343 382 prioribus
1364 330 1591 370 consulibus

268 397 432 435 inlatum
472 397 618 436 maiore
651 397 690 436 ui
724 397 854 435 intulit
889 398 995 448 (cum
1030 405 1121 436 ante
1155 397 1193 435 in
1227 396 1423 446 Hispania
1456 395 1592 434 murali

269 475 426 509 corona,
462 462 501 500 in
533 462 665 500 Africa
698 462 935 500 obsidionali
973 463 1142 500 donatus
1177 469 1289 509 esset,
1323 462 1362 499 in
1399 461 1593 510 Hispania

269 540 363 565 uero
393 527 509 565 etiam
535 540 581 565 ex
609 526 903 576 prouocatione,
925 526 1009 576 ipse
1038 526 1218 565 modicus
1246 526 1399 573 uirium,
1425 524 1593 563 inmanis

231 601 247 632 5
270 592 550 641 magnitudinis
588 593 743 630 hostem
782 590 1057 641 interemisset)
1092 604 1258 640 eamque
1296 591 1433 629 urbem
1472 591 1594 639 magis
1615 606 1631 634 5

269 656 419 694 inuidia
452 655 590 705 imperi
621 669 740 705 quam
775 655 890 693 ullius
925 655 1008 693 eius
1037 655 1224 704 temporis
1254 655 1394 694 noxiae
1427 654 1591 693 inuisam

271 722 456 758 Romano
494 720 645 758 nomini
683 719 858 758 funditus
900 719 1053 758 sustulit
1092 719 1262 769 fecitque
1309 733 1402 758 suae
1444 719 1595 757 uirtutis

270 784 571 831 monimentum,
603 785 712 834 quod
741 785 864 822 fuerat
893 784 957 822 aui
987 784 1069 822 eius
1099 784 1340 822 clementiae.
1400 785 1595 833 Carthago

270 849 398 887 diruta
435 857 504 895 est,
544 862 635 887 cum
675 848 843 887 stetisset
887 848 1000 887 annis
1038 852 1240 896 †DCLXV1‚
1279 848 1425 887 abhinc
1471 862 1595 886 annos

232 916 251 946 6
272 917 475 953 †CLxxvl1
513 915 585 953 Cn.
618 913 804 953 Cornelio
839 915 1009 952 Lentulo
1041 915 1083 951 L.
1119 913 1317 951 Mummio
1356 912 1592 951 consulibus.

270 980 376 1016 hunc
406 979 524 1016 finem
555 978 692 1016 habuit
723 978 895 1016 Romani
924 978 1063 1028 imperi
1088 979 1284 1028 Carthago
1313 979 1478 1024 aemula,
1506 990 1596 1015 cum

271 1056 348 1092 qua
369 1043 512 1081 bellare
542 1043 708 1081 maiores
738 1043 859 1081 nostri
887 1056 1051 1093 coepere
1073 1043 1241 1082 Claudio
1271 1050 1308 1081 et
1339 1042 1479 1080 Fuluio
1509 1055 1598 1080 con—

271 1107 420 1146 sulibus
436 1115 527 1146 ante
542 1121 667 1146 annos
690 1112 710 1148 †
723 1120 884 1155 ccxcvl,
902 1122 1021 1158 quam
1042 1116 1094 1155 tu,
1119 1110 1174 1146 M.
1191 1108 1332 1155 Vinici,
1350 1109 1596 1146 consulatum

272 1172 398 1210 inires.
459 1172 512 1210 ita
540 1186 609 1222 per
638 1186 763 1211 annos
785 1176 905 1213 †cxv
934 1180 1001 1211 aut
1028 1173 1175 1211 bellum
1205 1173 1304 1210 inter
1333 1186 1400 1211 eos
1430 1173 1598 1222 populos

236 1245 337 1279 'saut
358 1237 450 1275 belli
479 1238 721 1287 praeparatio
751 1245 817 1276 aut
846 1238 967 1276 infida
996 1251 1070 1287 pax
1099 1237 1180 1275 fuit.
1240 1251 1369 1286 neque
1399 1251 1439 1275 se
1470 1239 1598 1275 Roma

272 1302 349 1340 iam
379 1310 565 1341 terrarum
587 1303 672 1341 orbi
699 1310 881 1353 superato
906 1316 1083 1341 securam
1114 1302 1284 1352 sperauit
1304 1304 1396 1349 fore,
1420 1302 1451 1340 si
1479 1301 1599 1339 moni-

272 1375 450 1405 mentum
480 1381 646 1417 usquam
677 1368 813 1406 stantis
843 1375 1017 1406 maneret
1044 1367 1312 1417 Carthaginis:
1342 1369 1443 1405 adeo
1464 1366 1599 1405 odium

273 1432 551 1471 certaminibus
568 1441 695 1471 ortum
717 1435 816 1471 ultra
832 1440 981 1471 metum
998 1434 1110 1471 durat
1126 1440 1164 1471 et
1184 1446 1234 1471 ne
1250 1432 1289 1470 in
1306 1432 1418 1470 uictis
1440 1431 1599 1481 quidem

274 1497 484 1546 deponitur
504 1511 634 1547 neque
654 1506 745 1536 ante
765 1497 937 1536 inuisum
958 1511 1043 1536 esse
1063 1497 1207 1536 desinit
1227 1511 1346 1547 quam
1367 1510 1452 1535 esse
1473 1496 1597 1535 desiit.

212 1567 256 1605 13
330 1564 434 1600 Ante
464 1562 674 1601 triennium
705 1576 823 1612 quam
849 1564 1046 1612 Carthago
1070 1564 1274 1609 deleretur,
1306 1564 1360 1599 M.
1385 1563 1496 1608 Cato,
1519 1574 1599 1610 per-
1625 1579 1637 1598 2

274 1634 415 1676 petuus
450 1627 665 1666 diruendae
704 1627 787 1666 eius
824 1635 971 1675 auctor,
1009 1630 1050 1666 L.
1079 1627 1298 1667 Censorino
1334 1629 1400 1665 Μ’.
1435 1626 1600 1664 Manilio

274 1692 502 1731 consulibus
523 1700 689 1731 mortem
711 1693 818 1732 obiit.
878 1694 1019 1731 eodem
1049 1706 1166 1739 anno,
1189 1706 1268 1742 quo
1296 1693 1492 1741 Carthago
1512 1705 1602 1729 con-

274 1757 379 1805 cidit,
398 1760 473 1798 †A.
494 1758 714 1797 Mummius
736 1758 973 1797 Corinthum
994 1766 1082 1807 post
1109 1771 1235 1796 annos
1257 1769 1459 1803 DCCCCLH,
1483 1770 1599 1806 quam

239 1833 253 1853 2
274 1822 325 1860 ab
354 1823 469 1861 Alete
497 1822 686 1872 Hippotis
713 1823 794 1861 filio
821 1830 901 1861 erat
926 1822 1097 1869 condita,
1129 1822 1305 1861 funditus
1335 1822 1444 1860 eruit.
1504 1832 1602 1859 uter-

276 1901 353 1937 que
373 1887 584 1937 imperator
604 1888 784 1926 deuictae
809 1901 832 1925 a
861 1901 902 1926 se
922 1887 1048 1937 gentis
1073 1887 1233 1926 nomine
1259 1889 1484 1933 honoratus,
1507 1888 1602 1924 alter

276 1952 494 1999 Africanus,
516 1954 612 1991 alter
639 1954 857 2003 appellatus
884 1960 942 1991 est
964 1953 1161 1991 Achaicus
1179 1967 1189 2000 ,-
1223 1966 1296 1991 nec
1323 1951 1531 2001 quisquam
1557 1965 1603 1989 ex

322 2066 335 2086 1
364 2056 391 2085 is
408 2055 533 2086 bellum
549 2055 714 2086 Ruhnken
825 2066 844 2094 4
866 2055 988 2087 imanis
1005 2055 1037 2085 A
1056 2066 1062 2085 :
1088 2056 1173 2086 imm.
1191 2055 1225 2085 P
1329 2056 1350 2086 6
1372 2059 1401 2085 et
1419 2065 1452 2085 11
1473 2055 1603 2094 imperii

276 2099 347 2129 AP
489 2099 509 2128 8
533 2099 668 2129 monim.
685 2099 776 2129 AB:
801 2109 948 2130 monum.
965 2099 998 2129 P
1083 2120 1086 2121 ν
1133 2110 1153 2138 9
1177 2099 1346 2129 οσιΧνιΑ
1365 2110 1371 2129 :
1396 2109 1533 2129 DCvan
1553 2099 1603 2129 P:

278 2152 417 2173 Dchxn
435 2142 515 2172 Iani
621 2153 659 2173 10
682 2153 821 2173 eLxxvu
838 2143 892 2173 B:
917 2152 1075 2173 cctxxvu
1093 2143 1182 2173 AP:
1206 2152 1335 2173 chxm
1354 2142 1450 2173 Kritz
1566 2153 1603 2181 13

278 2197 397 2217 ccxcvr
411 2186 501 2216 AP:
524 2196 634 2216 ccxcn
650 2187 798 2216 Laurent
844 2197 944 2225 quam
958 2191 1027 2216 tum
1044 2187 1078 2216 in
1094 2197 1192 2225 quam
1206 2191 1240 2216 tu
1259 2190 1426 2216 mutatum
1439 2186 1472 2216 A
1567 2196 1603 2223 14

278 2240 344 2260 cxv
360 2229 448 2260 AF:
471 2239 538 2260 cxx
555 2230 634 2260 Iani
737 2239 774 2268 15
799 2230 902 2260 infida
917 2230 1061 2269 fampax
1074 2230 1142 2270 (sic)
1161 2231 1193 2260 A
1289 2231 1328 2260 16
1350 2230 1420 2260 orbi
1438 2229 1469 2259 A
1487 2240 1493 2260 ε
1523 2230 1603 2259 orbe

857 2278 916 2298 nitu

278 2308 311 2337 P
379 2307 620 2337 monimentum
638 2306 770 2336 Baiter:
801 2317 856 2337 mo
927 2306 995 2347 (sic)
1020 2306 1076 2337 A:
1110 2316 1231 2336 nomen
1256 2306 1289 2335 Ρ
1376 2316 1412 2344 17
1434 2315 1537 2344 qua-m
1552 2316 1603 2334 stc-

277 2356 396 2390 pmscr.
414 2360 555 2389 usquam
572 2349 604 2379 A
730 2359 768 2388 19
792 2360 903 2389 neque
920 2355 999 2380 ante
1016 2350 1166 2380 aemulus
1184 2350 1313 2379 inuisus
1329 2349 1448 2379 Noncik
1564 2359 1600 2378 21

281 2393 335 2425 M’.
356 2393 494 2424 Manilio
510 2393 646 2423 Aldus:
670 2392 715 2424 M.
734 2393 860 2424 Manlio
877 2393 947 2424 AF
1075 2403 1116 2432 23
1139 2393 1170 2422 A
1188 2393 1365 2423 mummius
1382 2393 1414 2423 A
1432 2403 1439 2422 :
1463 2402 1481 2422 a
1500 2392 1603 2422 Mum-

281 2437 366 2467 mius
386 2437 440 2467 B:
462 2437 503 2468 A.
530 2436 710 2467 Mummius
727 2436 777 2466 P:
815 2437 849 2468 L.
872 2437 1054 2467 Mummius
1070 2437 1254 2467 Rhenanus
1395 2446 1436 2475 24
1459 2436 1604 2481 abjzlete

281 2490 353 2532 (sic)
370 2490 426 2522 A:
451 2502 470 2521 a
495 2491 612 2522 Belete
635 2490 668 2520 P
785 2491 956 2531 Hipponis
979 2491 1057 2529 ΑΡ,
1082 2502 1143 2522 em.
1170 2491 1319 2522 Gelenius
1442 2491 1546 2521 seruit
1570 2491 1601 2520 A

279 2544 321 2574 25
342 2535 497 2566 deuictae
515 2545 572 2566 eas
590 2533 721 2574 egentis
737 2535 771 2565 A
905 2536 947 2565 26
969 2535 1132 2575 apellatus
1148 2535 1180 2565 A
1200 2538 1228 2565 et
1242 2534 1286 2565 sic
1290 2534 1360 2573 fere
1371 2539 1497 2574 semper

926 2596 962 2617 12

1619 928 1656 949 10

1626 1905 1662 1934 25
