1799 2864
129 915 167 936 10

129 1562 167 1582 20

715 210 884 246 LIBER
915 209 956 246 II

188 321 326 360 nostris
357 320 681 369 auxiliaribusque
711 327 748 358 et
777 319 965 369 equitatui
995 319 1098 369 regio
1131 319 1292 370 (quippe
1322 333 1502 368 magnam

187 388 383 424 Thracum
406 399 564 423 manum
585 384 739 422 iunctus
763 383 968 433 praedictis
996 384 1161 421 ducibus
1191 385 1502 427 Rhoemetalces,

188 450 377 488 Thraciae
398 464 471 495 rex,
490 449 528 486 in
548 447 784 486 adiutorium
801 447 883 485 eius
906 447 995 485 belli
1016 461 1148 485 secum
1165 448 1357 496 trahebat)
1380 460 1503 496 paene

188 514 421 552 exitiabilem
456 512 639 551 omnibus
673 513 826 550 cladem
856 511 1007 549 intulit:
1048 513 1133 549 fusa
1164 511 1355 561 regiorum
1391 521 1538 559 eque-5

188 578 272 616 stris
292 578 404 624 acies,
427 579 579 626 fugatae
599 578 693 623 alae,
716 590 928 614 conuersae
949 577 1128 614 cohortes
1149 584 1249 622 sunt,
1271 577 1377 624 apud
1398 575 1506 624 signa

187 656 345 691 quoque
369 642 565 691 legionum
593 641 838 691 trepidatum.
898 642 966 679 sed
996 641 1165 679 Romani
1192 640 1313 678 uirtus
1340 639 1506 683 †militis

188 708 272 755 plus
293 720 340 745 eo
361 715 536 756 tempore
562 705 805 744 uindicatum
831 705 974 754 gloriae
1001 719 1119 754 quarn
1146 705 1312 743 ducibus
1340 703 1504 752 reliquit,

186 770 252 819 qui
285 773 450 808 multum
481 785 503 808 a
537 784 644 808 more
678 769 918 819 imperatoris
953 769 1011 807 sui
1049 769 1314 818 discrepantes
1344 776 1435 805 ante
1466 767 1505 804 in

187 836 339 873 hostem
369 835 599 881 inciderunt,
629 848 746 884 quam
774 848 841 883 per
865 835 1135 883 exploratores,
1158 833 1226 871 ubi
1249 832 1371 871 hostis
1392 839 1503 877 esset,

187 908 476 948 cognoscerent.
554 899 630 936 iam
673 898 786 948 igitur
827 898 865 935 in
908 897 1037 936 dubiis
1079 898 1193 936 rebus
1236 905 1358 935 semet
1400 897 1542 946 ipsae6

187 963 358 1012 legiones
387 965 625 1009 adhortatae,
649 962 827 1012 iugulatis
856 963 907 1000 ab
936 963 1047 1000 hoste
1077 962 1313 1011 quibusdam
1343 961 1507 1000 tribunis

188 1027 364 1073 militum,
399 1027 632 1076 interempto
667 1028 862 1076 praefecto
892 1034 1104 1064 castrorum
1135 1026 1417 1076 praefectisque
1447 1040 1509 1065 co-

188 1092 368 1138 hortium,
409 1106 488 1130 non
534 1091 744 1129 incruentis
783 1091 1088 1138 centurionibus,
1128 1091 1194 1140 qui
1233 1091 1349 1130 etiarn
1394 1092 1506 1141 primi

187 1156 333 1194 ordinis
368 1156 553 1202 cecidere,
590 1156 765 1194 inuasere
803 1157 934 1193 hostes
969 1169 1042 1193 nec
1075 1155 1302 1194 sustinuisse
1334 1156 1508 1194 contenti

151 1239 166 1268 5
188 1228 368 1270 perrupta
388 1234 522 1259 eorum
551 1220 634 1258 acie
664 1234 709 1258 ex
738 1220 933 1270 insperato
963 1220 1165 1258 uictoriam
1195 1219 1505 1258 uindicauerunt.

188 1287 263 1323 hoc
302 1287 379 1323 fere
411 1294 585 1335 tempore
617 1285 799 1334 Agrippa,
833 1285 899 1334 qui
937 1287 1078 1323 eodem
1117 1285 1180 1323 die
1215 1299 1294 1334 quo
1328 1285 1507 1323 Tiberius

186 1351 394 1399 adoptatus
425 1351 476 1388 ab
506 1364 581 1387 auo
613 1363 683 1387 suo
716 1349 877 1387 naturali
908 1357 987 1387 erat
1014 1358 1051 1387 et
1078 1349 1154 1387 iam
1181 1357 1271 1387 ante
1292 1349 1506 1395 biennium,

187 1414 311 1463 qualis
339 1423 450 1461 esset,
473 1428 657 1464 apparere
685 1423 876 1463 coeperat,
900 1414 996 1451 mira
1025 1414 1213 1463 prauitate
1242 1414 1362 1452 animi
1391 1422 1508 1463 atque

188 1480 317 1529 ingeni
339 1480 377 1517 in
399 1480 622 1529 praecipitia
643 1493 854 1517 conuersus
876 1479 992 1528 patris
1012 1488 1130 1529 atque
1157 1480 1333 1518 eiusdem
1360 1479 1423 1517 aui
1451 1479 1509 1517 sui

187 1546 361 1583 animum
396 1545 579 1583 alienauit
611 1545 694 1591 sibi,
728 1559 897 1594 moxque
927 1545 1190 1583 crescentibus
1221 1545 1259 1582 in
1289 1545 1372 1584 dies
1407 1545 1510 1584 uitiis

187 1611 348 1660 dignum
369 1613 496 1649 furore
517 1625 587 1649 suo
608 1610 744 1648 habuit
764 1611 919 1648 exitum.

240 1676 387 1725 Accipe
408 1689 524 1722 nunc,
548 1677 602 1713 M.
626 1675 767 1722 Vinici,
790 1683 941 1713 tantum
963 1675 1001 1713 in
1024 1676 1126 1714 bello
1147 1677 1300 1722 ducem,
1319 1683 1509 1724 quantum
1529 1684 1590 1719 113

1529 1301 1545 1333 *Ι

233 1790 245 1809 1
267 1790 420 1818 magnam
436 1781 483 1816 (-a
495 1779 538 1813 P)
553 1779 721 1809 Thracum
738 1789 837 1808 manu
851 1778 921 1808 AF
973 1789 991 1808 2
1017 1789 1149 1809 manum
1164 1778 1347 1809 Rhenanus
1419 1780 1510 1809 iunc-

186 1832 239 1852 tus
265 1823 317 1852 B:
357 1824 478 1853 iunctis
510 1823 581 1854 del..
613 1823 684 1852 dein
716 1823 849 1852 iunctus
877 1822 934 1852 A:
959 1823 1093 1852 uinctus
1117 1822 1150 1851 P
1279 1823 1451 1862 predictus
1475 1823 1507 1852 A

189 1867 324 1896 Rhomo
337 1871 370 1896 et
382 1867 485 1896 Alces
498 1866 606 1904 ABP,
619 1877 679 1897 em.
691 1865 874 1895 Rhenanus
962 1876 981 1904 3
998 1866 1141 1896 Thracie
1159 1866 1191 1895 A
1263 1866 1295 1895 in
1313 1866 1402 1896 AF:
1428 1877 1511 1895 num

188 1920 307 1948 magna
324 1909 402 1940 Thr.
424 1920 523 1940 manu
541 1934 548 1940 .
569 1934 576 1941 .
597 1933 605 1940 .
625 1910 825 1940 adiutorium
842 1909 1015 1940 trahebat?
1190 1920 1277 1948 pene
1295 1910 1326 1938 A
1491 1920 1510 1947 4

187 1953 258 1983 fusa
287 1952 387 1984 Voss:
412 1953 489 1992 fuga
506 1952 571 1982 BA
590 1965 597 1983 :
615 1953 728 1991 fugata
740 1952 772 1981 P
866 1963 951 1991 aequ.
971 1953 1003 1982 A
1107 1963 1125 1991 5
1143 1953 1266 1991 aputA
1357 1954 1378 1982 6
1395 1953 1512 1983 Militis

186 2002 344 2035 suprascr.
365 1997 477 2026 militis
493 1997 525 2026 A
545 1997 588 2026 ita
604 2001 712 2026 tamen
731 2000 767 2025 nl
783 1995 824 2024 M
837 1997 939 2026 littera
961 1998 1078 2026 incerta
1099 1997 1183 2026 mihi
1201 2007 1300 2036 neque
1318 2001 1348 2026 st
1366 1998 1511 2026 multum

187 2039 353 2069 dzssssimilis
377 2041 448 2070 m'sa
471 2041 533 2070 sit:
562 2040 719 2069 militibus
743 2039 894 2078 LipSizts:
929 2040 1021 2069 militi
1044 2039 1162 2070 Gruter
1263 2050 1279 2077 7
1305 2040 1511 2070 uindicatum

188 2084 223 2113 iit
240 2083 283 2113 ed.
302 2082 443 2122 Bz'pont:
466 2084 609 2122 sortasse
626 2083 734 2112 excidit
752 2083 813 2112 sibi
833 2086 908 2122 post
927 2084 1142 2114 uindicatum.
1191 2083 1266 2113 Vide
1286 2083 1413 2114 Conmz.
1433 2084 1509 2114 Cn't.

186 2128 206 2156 8
230 2136 343 2156 amore
365 2128 461 2157 dec—is
482 2132 639 2166 suprascr.
668 2127 877 2165 imperatoris
899 2126 931 2155 A
1045 2127 1279 2166 discrepantes
1298 2126 1343 2156 lo.
1364 2126 1406 2157 Is.
1425 2127 1512 2157 Pon-

186 2174 286 2199 tanus
304 2170 420 2201 Anall.
444 2171 465 2201 i.
485 2180 498 2199 1
520 2171 633 2209 (1599)
654 2182 660 2201 :
685 2174 863 2208 crepantes
875 2169 945 2199 ΑΡ
1033 2180 1071 2200 10
1094 2171 1209 2209 ipseA
1304 2180 1341 2200 12
1360 2171 1511 2209 prefecto

186 2212 404 2254 eastrorumpj.
424 2214 456 2243 A
484 2214 550 2253 (sic)
688 2223 725 2251 13
749 2214 805 2252 qui
825 2213 876 2243 P:
910 2214 1031 2251 quibus
1053 2214 1131 2251 AB,
1145 2218 1226 2254 pulo
1241 2224 1279 2243 ex
1295 2214 1514 2253 geminatione

185 2257 326 2295 syllabae
342 2257 402 2286 bus
420 2268 484 2296 qua
496 2256 683 2296 praecedens
698 2257 951 2287 centurionibus
962 2258 1174 2287 lernn‘natmn
1186 2261 1230 2287 est
1313 2267 1349 2295 14
1374 2258 1512 2287 ordines

186 2299 304 2331 ABP:
334 2300 461 2330 ordinis
495 2299 663 2330 Gelenius:
702 2312 720 2331 e
743 2301 865 2339 quibus
889 2311 918 2332 e.
945 2310 974 2338 p.
996 2301 1134 2331 ordines
1151 2300 1278 2330 Boecler
1376 2309 1413 2339 15
1438 2311 1512 2340 pre-

187 2349 283 2381 rupta
300 2343 332 2372 A
436 2353 472 2382 17
497 2348 531 2373 et
548 2344 611 2373 iam
630 2343 793 2375 Gelenius:
812 2343 912 2374 etiam
928 2343 999 2372 ΑΡ
1109 2346 1146 2375 18
1172 2348 1307 2383 ceperat
1325 2343 1356 2373 A
1473 2354 1511 2383 19

186 2387 311 2426 ingenii
327 2387 397 2416 ΑΡ
524 2397 561 2416 21
589 2397 649 2417 suo
665 2392 766 2427 supra
782 2397 914 2417 uersum
931 2387 963 2416 A

811 2526 869 2556 123
