1799 2864
592 184 1048 224 COMMENTARIVS
1078 184 1339 223 CRITICVS

306 294 509 342 (facinore)
529 297 563 330 h.
576 307 606 330 e.
625 301 773 341 propter
790 296 860 330 hoc
877 295 1027 339 facinus,
1047 295 1123 330 siue
1140 295 1303 330 admisso
1320 296 1390 330 hoc
1407 294 1578 330 facinore.

354 398 404 431 92
423 398 441 421 2
469 394 546 421 tum
574 386 720 422 Sentius
744 352 861 422 forte&
883 387 981 422 solus
1003 394 1038 422 et
1063 387 1216 422 absente
1237 388 1395 422 Caesare
1422 389 1517 422 COS
1544 398 1627 421 cum

305 445 378 479 alia
404 445 524 490 prisca
557 445 751 480 seueritate
787 456 1002 490 summaque
1037 445 1244 480 constantia
1277 452 1400 480 uetere
1434 446 1626 480 consulum

305 515 406 538 more
433 503 473 537 as
488 503 585 547 (del.)
605 515 647 538 ac
666 503 858 538 seueritate
875 502 1057 546 gessisset.
1075 503 1124 537 A.

354 560 475 595 Nimis
501 560 651 595 offendit
681 560 776 595 auris
807 560 999 605 repetitum
1027 560 1112 594 illud
1138 563 1342 596 seueritate.
1392 562 1474 596 Nec
1503 568 1628 596 tamen

305 617 532 663 VVopkensio
558 618 746 653 adsentior
762 619 875 652 uerba
896 622 1015 652 uetere
1039 619 1228 652 consulum
1254 630 1354 653 more
1370 631 1413 653 ac
1435 621 1631 653 seueritate

306 676 602 711 antecedentium
619 678 745 721 prisca
762 678 958 710 seueritate
979 687 1006 709 s.
1025 687 1052 709 c.
1071 687 1179 719 posse
1197 677 1358 719 glossam
1381 676 1496 711 uideri
1512 688 1630 722 neque

307 734 342 769 in
360 734 618 770 emendatione
636 734 713 768 eius
725 735 1008 779 perseuerantia
1026 734 1083 767 uel
1102 735 1297 778 grauitate
1314 734 1521 779 adquiesco.
1572 736 1630 768 Ex

306 792 370 827 eis·
392 803 485 837 quae
519 798 642 825 extant
676 790 710 824 in
744 791 779 825 A
817 790 918 824 elicio
952 794 1062 834 alque
1093 792 1302 834 asperitate,
1332 791 1432 826 cuius
1464 791 1631 826 uocabuli

308 849 463 894 uestigia
481 855 674 893 supersunt
694 847 728 881 in
753 859 858 882 eraso
883 847 932 892 as.
985 847 1092 891 Quod
1111 848 1164 891 89.
1184 858 1206 890 4
1223 853 1372 882 senalus
1396 851 1474 883 sine
1490 852 1630 895 asperi-

307 912 382 942 tate
399 919 461 941 nec
485 909 563 940 sine
587 908 782 940 seueritate
806 907 918 940 lectus
943 904 1082 946 dicitur,
1103 917 1176 939 non
1203 905 1337 941 idcirco
1360 907 1547 951 asperitati
1572 908 1631 943 hic

308 966 409 999 locus
435 976 507 998 non
527 971 602 998 est:
637 963 830 1008 utrubique
852 969 908 997 est
929 962 1106 997 seueritas
1130 963 1223 997 ultra
1246 964 1407 1007 modurn,
1432 976 1499 999 nec
1518 965 1632 1000 solitis

309 1024 476 1059 restricta
499 1024 661 1068 legibus:
702 1023 1015 1068 quemadmodum
1043 1022 1139 1057 idern
1166 1023 1327 1058 Velleius
1354 1027 1522 1068 asperam
1552 1036 1632 1060 cen-

306 1095 435 1117 suram
453 1082 542 1116 dixit
562 1081 583 1115 i.
606 1091 656 1115 10.
674 1081 707 1116 6.

357 1151 410 1184 94
428 1150 449 1182 4
467 1138 672 1184 praecipuis
690 1138 861 1173 omnibus
882 1137 1057 1181 (omnium
1071 1139 1119 1180 P)
1136 1138 1310 1173 uirtutum
1325 1139 1582 1184 experimentis
1598 1140 1632 1175 in

309 1209 352 1232 eo
378 1202 399 1233 τ’
413 1204 569 1232 tractatu
587 1196 691 1231 editis
717 1209 799 1231 curn
823 1195 1025 1241 legionibus
1053 1195 1237 1240 ingressus
1255 1197 1467 1232 Armeniam
1485 1198 1634 1233 redacta

309 1268 353 1290 ea
372 1255 407 1289 in
426 1261 647 1300 potestatem
667 1257 704 1289 P.
723 1256 768 1289 R.
787 1266 938 1299 regnum
964 1255 1041 1289 eius
1059 1254 1233 1289 Artauzdi
1251 1255 1362 1290 dedit.
1412 1255 1548 1291 'leuius
1571 1268 1634 1291 rex

309 1325 453 1358 quoque
479 1314 695 1348 Parthorum
721 1312 814 1347 tanti
839 1312 998 1347 nominis
1023 1313 1123 1347 fama
1147 1312 1289 1348 territus
1315 1313 1446 1348 liberos
1470 1326 1557 1349 suos
1585 1314 1634 1349 ad

312 1373 510 1407 Caesarem
527 1370 624 1405 misit
641 1370 802 1405 obsides.
820 1371 869 1404 A.
893 1382 896 1383 ⁷

358 1431 428 1464 Pro
442 1431 547 1464 cuius
562 1429 805 1463 Ruhnkenius
820 1428 1003 1463 scribebat
1016 1430 1118 1473 quin,
1132 1429 1231 1474 quod
1243 1437 1459 1474 receperunt
1478 1430 1634 1465 Kritzius

309 1494 345 1522 et
366 1487 546 1522 Halmius.
599 1486 779 1521 Inutiliter
804 1487 841 1521 id
868 1487 1040 1532 quidem:
1068 1489 1171 1520 cuius
1188 1486 1284 1521 enim
1310 1488 1433 1522 multis
1458 1488 1634 1523 similibus

311 1546 492 1580 adseritur
516 1544 691 1589 exemplis
718 1556 793 1578 non
821 1544 1001 1579 Paterculi
1027 1551 1181 1587 tantum,
1208 1545 1274 1579 sed
1300 1545 1562 1590 complurium:
1590 1547 1634 1581 cf.

309 1605 501 1648 Wopkens
528 1604 565 1637 in
592 1604 684 1637 Tull.
708 1604 805 1637 Lect.
826 1602 858 1636 ii.
880 1613 943 1646 133
980 1603 1094 1636 Halm
1121 1603 1168 1636 ad
1196 1603 1336 1638 Minue.
1362 1604 1493 1638 Octau.
1519 1604 1575 1647 36.
1603 1613 1635 1648 5.

312 1664 379 1697 Est
398 1662 493 1696 enim
521 1667 629 1706 alque
649 1664 728 1695 eius
752 1673 801 1696 sc.
827 1660 970 1696 Tiberi:
1001 1673 1074 1695 non
1101 1668 1198 1695 recte
1227 1661 1404 1696 Heinsius
1430 1673 1513 1696 cum
1538 1665 1639 1697 tanti

310 1723 472 1756 nominis
489 1721 745 1765 coniungebat.

363 1781 540 1814 Tractatu
568 1791 661 1813 unus
691 1778 846 1813 Kritzius
873 1778 1032 1813 seruauit
1058 1785 1246 1822 tamquam
1279 1786 1374 1813 esset
1409 1779 1444 1813 in
1473 1779 1550 1813 eius
1583 1781 1633 1814 rei

311 1838 541 1873 tractatione.
593 1838 666 1872 Sed
692 1849 764 1871 non
784 1837 911 1871 dubito
937 1844 1034 1871 recte
1053 1836 1246 1871 Gelenium
1272 1849 1392 1871 errore
1416 1837 1453 1872 id
1475 1837 1634 1882 positum

312 1897 485 1932 habuisse
504 1909 569 1942 pro
587 1902 719 1931 tractu.
771 1897 888 1932 Simili
906 1908 1024 1931 errore
1043 1896 1302 1941 palimpsestus
1321 1897 1431 1931 habet
1453 1901 1636 1932 tractatus

311 1956 514 2000 ductusque
530 1957 731 1990 muricum
750 1955 899 1989 deberet
917 1959 1068 1997 lraclus,
1088 1954 1162 1989 Cic.
1181 1955 1228 1988 de
1246 1956 1337 1999 Rep.
1358 1955 1392 1989 ii.
1411 1955 1442 1989 6.
1466 1965 1515 1989 11.

359 2025 430 2057 103
450 2023 469 2056 3
497 2014 616 2058 itaque
650 2014 748 2056 quod
784 2020 865 2058 post
899 2014 939 2047 L.
973 2020 1128 2047 mortem
1164 2013 1285 2047 adhuc
1326 2014 1366 2047 C.
1397 2013 1481 2047 uiuo
1514 2013 1634 2049 facere

312 2073 476 2106 uoluerat
495 2083 588 2117 quae
608 2083 652 2106 eo
673 2073 909 2106 uehementer
932 2078 1161 2116 repugnante
1190 2072 1339 2106 Nerone
1361 2079 1439 2106 erat
1459 2072 1636 2107 inhibitus

313 2137 396 2175 post
415 2129 600 2175 utriusque
620 2130 895 2164 adulescentum
913 2129 1055 2163 obitum
1073 2129 1194 2163 facere
1213 2130 1473 2174 perseuerauit.
1491 2131 1540 2165 Α.

358 2189 523 2222 uoluerat
550 2194 658 2233 atque
685 2189 922 2222 uehementer
938 2189 982 2221 P.
1081 2189 1195 2223 Burer
1220 2188 1311 2222 haec
1329 2187 1543 2222 adnotauit:
1573 2188 1636 2222 ‘ex

313 2245 476 2289 uestigiis
495 2245 628 2280 uetusti
646 2245 783 2280 codicis
801 2246 1001 2290 apparebat
1019 2256 1084 2290 pro
1101 2252 1222 2290 atque,
1242 2257 1359 2290 eoque
1384 2245 1459 2280 siue
1475 2257 1518 2280 eo
1536 2246 1634 2291 quod

317 2303 493 2347 scriptum
511 2316 517 2337 ;
544 2315 630 2338 nam
645 2303 798 2347 uestigia
821 2303 1008 2337 literarum
1035 2303 1095 2337 uix
1109 2310 1276 2346 poterant
1294 2303 1408 2337 uideri
1427 2315 1514 2348 prae
1532 2310 1634 2338 uetu-

312 2362 425 2395 state?

359 2421 450 2454 Tres
468 2419 527 2454 hic
545 2425 657 2454 testes
675 2419 855 2454 habemus
874 2419 965 2454 inter
983 2430 1022 2453 se
1039 2419 1250 2462 contrarios,
1265 2431 1352 2454 nam
1366 2418 1632 2454 Amerbachius

945 2512 1006 2543 174
