1799 2864
648 223 1077 262 PROLEGOMENA

206 336 381 373 Basileae
395 336 436 373 in
451 335 603 373 aedibus
616 335 704 372 suis.
749 335 885 374 Codex
901 341 959 372 est
975 335 1213 381 chartaceus,
1232 335 1356 372 forma
1376 335 1528 385 longior

204 418 320 455 quam
359 405 480 451 latior,
521 418 639 442 manu
674 404 839 454 scriptus
873 403 1095 442 cuiusmodi
1134 417 1214 442 non
1252 417 1401 453 paucae
1435 413 1526 443 sunt

203 477 284 515 eius
311 475 464 522 saeculi,
488 475 711 525 praesertim
740 475 985 522 Helueficae,
1007 477 1132 513 forma
1157 475 1369 513 litterarum
1397 489 1526 525 neque

201 547 416 584 admodum
437 545 583 583 difficili
608 559 736 594 neque
765 553 896 583 tamen
927 559 1006 583 non
1036 544 1203 594 plurima
1230 545 1401 583 habente
1425 559 1526 595 quae

200 617 406 654 adsuetum
454 615 659 653 codicibus
703 615 823 653 medii
870 615 957 653 aeui
1004 615 1205 653 detineant
1253 615 1525 665 incertumque

200 686 380 723 habeant.
439 686 503 723 fol.
543 692 583 723 2a
615 699 771 723 summo
806 685 992 734 scriptum
1027 694 1084 723 est
1106 687 1374 735 fragmentum
1398 687 1530 735 primi

199 756 292 793 libri
327 757 442 793 Vellei
467 757 673 802 Paterculi,
704 763 787 793 tum
817 769 932 804 quam
963 757 1146 793 timuerat
1176 756 1293 793 hostis
1315 757 1456 805 expetit
1487 764 1524 794 et

199 838 299 874 quae
333 833 516 863 secuntur
543 825 580 875 (i.
606 840 639 875 9.
667 825 775 863 1——i.
804 827 860 863 18.
887 825 937 875 3).
997 827 1086 863 Imo
1116 825 1211 863 folio
1241 832 1298 863 est
1327 838 1469 874 magna
1490 827 1525 863 A

198 896 364 934 initialis.
423 898 486 935 fol.
513 904 554 946 5ΒΝ
574 896 614 934 in
635 898 712 934 fine
733 896 819 934 libri
841 898 859 934 I
881 896 1144 945 subscriptum
1172 904 1229 934 est
1260 897 1376 934 Vellei
1389 898 1525 934 Pater-

197 968 275 1004 culi
287 969 341 1004 ad
351 968 411 1005 M.
447 969 631 1005 Vinitium
651 969 746 1005 liber
753 968 911 1017 primus
929 968 1090 1017 explicit.
1133 966 1178 1017 5b
1198 967 1386 1016 scriptura
1406 975 1519 1005 caret.

198 1037 361 1074 Summo
395 1038 458 1075 fol.
497 1040 540 1074 6a
571 1039 717 1086 Incipit
747 1038 843 1075 liber
876 1039 1056 1075 secundus
1081 1037 1272 1085 feliciter:
1313 1036 1394 1075 imo
1427 1037 1522 1075 folio

198 1120 339 1156 magna
368 1109 399 1145 B
431 1107 598 1146 initialis.
670 1109 750 1146 Fol.
790 1110 856 1145 18a
889 1107 969 1146 imo
1001 1121 1143 1157 magna
1172 1109 1229 1147 C:
1272 1108 1336 1145 fol.
1371 1113 1440 1156 30a
1471 1109 1519 1145 D.

199 1179 278 1216 Fol.
297 1180 363 1227 36¹
380 1178 461 1216 imo
481 1180 600 1216 finem
621 1179 739 1216 habet
756 1180 880 1216 codex
900 1178 939 1216 in
960 1178 1090 1216 uerbis
1110 1179 1335 1227 consiliaque
1354 1179 1522 1216 omnium

196 1249 336 1286 ciuium
357 1250 518 1298 autpia.
575 1249 656 1287 Sub
676 1248 735 1286 his

596 1319 730 1356 Tertio
752 1318 837 1357 Eid.
863 1321 960 1368 Aug.
985 1331 1119 1356 MDXVI

600 1388 790 1427 Basileiae
812 1391 859 1427 In
881 1389 983 1427 edib.
1008 1389 1086 1427 suis

643 1461 711 1497 Bo.
737 1459 983 1497 Amerbacch

524 1530 673 1578 Θεσμὸν
692 1530 778 1578 ἔρως
797 1532 861 1567 οὐκ
881 1530 954 1567 οἶδε
972 1531 1161 1581 βιημάχος
1173 1529 1184 1549 ¹

852 1598 873 1623 Ρ

836 1618 878 1658 V

247 1690 326 1727 Fol.
353 1688 424 1738 36b
444 1689 631 1739 scriptura
660 1698 786 1729 caret:
817 1699 905 1741 post
932 1693 1009 1730 hoc
1038 1692 1144 1731 aliud
1171 1695 1234 1731 fol.
1259 1708 1338 1732 non
1369 1695 1520 1734 habens

192 1773 409 1807 numerum,
432 1760 542 1798 cuius
572 1761 611 1798 in
640 1770 748 1810 parte
778 1762 991 1811 posteriore
1020 1764 1210 1813 leguntur,
1234 1764 1288 1802 sic
1319 1773 1449 1804 tamen
1477 1775 1519 1805 ut

192 1829 294 1878 prius
316 1822 495 1868 codicem
516 1830 697 1878 inuertas,

324 1900 497 1939 Velleius
519 1903 744 1940 Paterculus
765 1916 854 1940 cum
877 1903 1007 1942 multis
1028 1904 1111 1943 aliis
1133 1906 1405 1956 manuscriptis

324 1970 551 2009 Chronicon
573 1972 719 2010 ducum
740 1972 1070 2022 Turingensium²

325 2040 513 2091 Dialogus
536 2042 625 2080 Iulii
648 2044 689 2080 II
712 2050 749 2081 et
771 2042 819 2094 (?)
842 2044 944 2082 Petri

325 2111 535 2161 Epitaphia
554 2113 671 2151 Varia

324 2182 615 2231 Epigrammata

323 2252 538 2290 Glareanus
559 2253 608 2291 de
631 2254 789 2292 Heluet.

232 2358 238 2374 ¹
263 2358 366 2391 Anth.
389 2360 424 2390 P.
443 2370 473 2391 v.
494 2370 566 2399 293.
589 2371 601 2391 1
624 2361 718 2392 Pauli
737 2362 934 2394 Silentiarii.

230 2409 241 2426 ²
267 2411 397 2442 Incerta
422 2417 500 2442 sunt
523 2413 644 2443 ducum
667 2414 942 2454 Turingensium:
966 2416 1014 2447 sic
1038 2421 1148 2447 tamen
1170 2428 1209 2447 ea
1231 2417 1310 2457 legit
1328 2418 1368 2450 G.
1389 2418 1517 2450 Parker

188 2461 275 2492 inter
291 2463 463 2494 ministros
479 2464 700 2496 bibliothecae
719 2466 935 2499 Bodleianae.

823 2526 881 2556 xiii
