1799 2864
613 187 1043 227 PROLEGOMENA

170 304 323 340 uerbum
343 303 490 351 quidem
510 301 734 338 intellexisse
746 316 759 337 .·
787 300 877 336 adeo
898 299 1026 336 omnia
1046 303 1160 335 erant
1181 297 1334 345 confusa
1354 298 1489 345 absque

170 375 260 411 ullis
268 372 424 422 punctis
443 376 515 408 aut
530 370 838 408 distinctionibus.
902 369 1016 417 Quod
1039 368 1077 405 si
1093 373 1133 405 tu
1159 368 1269 404 scires
1293 381 1407 416 qaam
1428 380 1488 415 ego

169 443 377 481 laborarint
407 442 460 479 ‘in
497 441 573 478 hiis
603 440 838 488 fragmentis
875 444 1059 486 utcunque
1097 438 1346 484 restituendis,
1386 439 1490 474 credo

156 513 340 563 fateberis
360 517 392 549 te
411 512 510 549 mila·
526 524 599 549 non
621 511 724 548 nibil
738 511 871 547 debere.
925 510 1058 558 Neque
1076 509 1174 546 enim
1194 509 1285 557 quia
1307 513 1346 545 ta
1368 510 1489 544 multa

168 584 302 631 absque
329 582 526 631 offensione
553 582 652 629 legis,
684 581 818 618 idcirco
845 581 956 617 codex
973 581 1123 628 planus
1151 584 1260 616 erat:
1287 579 1362 615 imo
1392 579 1496 615 nibil

166 658 252 690 erat
283 665 357 689 non
390 653 642 700 deprauatzcm
657 667 670 688 .·
711 651 752 688 in
783 650 944 698 singulis
966 656 1064 698 pene
1095 649 1218 686 uerbis
1250 649 1488 685 haerebatur.

167 723 409 760 Fatebantur
450 735 505 759 me
549 735 640 758 uera
684 721 810 768 dicere,
855 720 1063 768 quicunqne
1110 723 1297 755 uetustum
1338 718 1489 755 codicem

166 793 409 842 inspexerint,
432 793 502 841 qni
526 793 566 830 in
586 791 836 829 slsurbacensi
860 790 1074 828 bibliotheca
1103 790 1228 826 adbuc
1254 793 1488 825 asseraatur.

169 864 352 901 Eundem
374 862 483 900 breui
503 870 591 911 post
615 861 928 899 ‘semilacerum'
950 859 1053 898 dicit.
1105 861 1199 897 Non
1219 858 1333 908 igitur
1349 858 1489 896 mirum

169 933 200 971 si
221 933 395 982 quinque
418 946 542 970 annos
571 933 788 970 Rhenanus
810 929 1081 981 (1515-1520)
1108 930 1304 979 parandae
1329 929 1491 967 editioni

167 1003 400 1052 insumpsit:
439 1002 622 1040 nimirum
652 1009 689 1040 et
719 1000 878 1038 mutilus
908 1002 1033 1038 codex
1066 1008 1103 1038 et
1134 999 1263 1037 uerbis
1291 1000 1391 1036 male
1419 998 1493 1036 dis-

167 1073 296 1110 tractis
330 1072 401 1110 fuit
428 1080 465 1110 et
499 1071 653 1122 punctis
688 1073 750 1109 uel
780 1070 1032 1109 distinctione
1065 1069 1198 1116 caruit,
1230 1077 1272 1107 ut
1306 1068 1491 1107 credibile

167 1143 215 1181 sit
237 1144 475 1180 Rhenanum
505 1156 585 1180 non
616 1141 689 1179 nisi
719 1141 872 1190 saepius
903 1153 1097 1190 perpenso
1128 1139 1210 1177 siue
1240 1139 1325 1188 ipso
1355 1138 1492 1176 codice

168 1212 250 1251 siue
284 1213 408 1263 (quod
442 1212 563 1261 magis
602 1211 703 1261 reor)
743 1212 969 1260 apographo
1008 1210 1090 1248 eius
1129 1209 1257 1247 uisum
1296 1209 1369 1247 sibi
1409 1222 1493 1246 esse

169 1296 301 1321 ueram
332 1282 524 1320 Paterculi
553 1281 787 1319 sententiam
822 1282 1057 1318 enucleasse.
1119 1279 1354 1329 Diligentius
1388 1279 1492 1317 enim

168 1366 249 1390 rem
284 1352 406 1401 egisse
440 1360 545 1401 patet
584 1365 629 1389 ex
662 1351 781 1400 ipsius
814 1350 1038 1388 testimonio
1073 1351 1181 1399 quod
1212 1363 1327 1399 supra
1360 1349 1496 1395 attuli,⁸

169 1436 259 1460 cum
298 1422 402 1460 enim
432 1423 627 1471 exemplar
665 1421 811 1459 codicis
849 1420 1049 1459 habuisset
1087 1421 1135 1457 ab
1165 1421 1282 1457 amico
1314 1421 1383 1457 sed
1404 1427 1496 1468 pro-

158 1499 348 1544 peranter
374 1494 608 1542 descriptum,
645 1494 721 1530 hoc
754 1505 834 1529 non
866 1498 1074 1529 contentus
1109 1490 1241 1528 statuit
1280 1490 1493 1528 editionem

168 1577 342 1613 premere
377 1564 504 1601 donec
539 1562 675 1600 melior
708 1561 930 1611 proueniret
964 1562 1089 1599 codex
1123 1574 1241 1610 quem
1277 1559 1496 1598 Mediolani

168 1648 252 1672 esse
272 1633 454 1672 audisset.
515 1634 605 1681 Qua
625 1646 693 1682 spe
714 1633 913 1681 deceptus,
937 1645 1027 1669 cum
1048 1644 1121 1668 nec
1143 1630 1362 1668 Mediolani
1378 1632 1494 1668 talem

168 1718 241 1743 nec
274 1719 297 1743 a
332 1706 484 1743 Merula
517 1712 711 1753 repertum
746 1716 831 1741 esse
865 1702 1125 1749 intellexisset,
1162 1702 1300 1752 quinto
1335 1703 1494 1740 tandem

167 1789 272 1814 anno
293 1776 352 1813 ed.
376 1774 591 1824 principem
614 1774 788 1812 Basileae
808 1773 992 1822 uulgauit.

223 1846 414 1883 Nondum
441 1844 547 1883 edito
582 1844 680 1882 libro
712 1843 850 1882 notitia
870 1843 1018 1881 codicis
1045 1850 1275 1892 peruenerat
1295 1844 1345 1881 ad
1366 1845 1497 1881 Auen-

169 1915 294 1953 tinum
317 1901 555 1966 (Iohannem
576 1913 784 1964 Turmair),
808 1914 1027 1951 Annalium
1044 1914 1232 1951 Boiorum
1253 1913 1493 1962 scriptorem,

169 1987 330 2024 fortasse
359 1986 409 2023 ab
438 1986 645 2031 Rhenano,
668 1984 778 2022 cuius
799 1983 830 2021 is
857 1983 1151 2032 condiscipulus
1179 1983 1333 2021 Parisiis
1359 1985 1492 2021 fuerat.

170 2058 274 2094 Nam
313 2070 393 2094 non
432 2057 559 2094 solum
597 2055 696 2093 inter
733 2062 911 2092 auctores
947 2054 1234 2093 Chronicorum
1273 2054 1496 2092 Auentinus

171 2128 418 2164 Paterculum
448 2127 587 2175 allegat
618 2126 757 2175 (Praef.
787 2125 851 2162 lib.
879 2139 897 2162 2
922 2127 1024 2162 Ann.
1050 2124 1219 2162 Rietzler
1242 2126 1287 2162 T.
1317 2124 1353 2162 ii.
1380 2138 1416 2173 p.
1444 2124 1494 2174 2),

171 2198 240 2235 sed
260 2196 353 2246 ipsis
374 2196 503 2234 uerbis
518 2196 721 2242 Paterculi,
744 2209 845 2244 quae
866 2209 957 2233 mox
971 2196 1187 2232 Rhenanus
1208 2194 1382 2232 editurus
1403 2202 1494 2240 erat,

171 2268 389 2306 Pannonici
406 2268 496 2306 belli
513 2268 663 2314 seriem,
682 2268 826 2306 deinde
841 2267 934 2305 Vari
954 2281 1000 2305 ac
1015 2269 1283 2305 Romanarum
1297 2267 1495 2316 legionum

170 2341 323 2378 cladem
355 2339 523 2377 narrauit
563 2339 760 2388 (Rietzler‚
802 2338 837 2376 ii.
875 2352 938 2388 pp.
978 2337 1186 2387 125-127).
1247 2340 1297 2375 Et
1335 2339 1497 2376 fortasse

171 2410 254 2460 ipse
283 2410 462 2449 codicem
492 2410 653 2456 uiderat,
680 2409 762 2447 siue
789 2408 828 2446 in
861 2408 1113 2447 Murbacensi
1134 2408 1384 2455 bibliotheca,
1414 2408 1496 2447 siue

814 2479 847 2509 ix
