1799 2864
724 224 893 261 LIBER
924 225 966 263 II

185 334 390 373 fortissime
417 335 518 373 circa
549 334 744 373 Mutinam
776 335 1088 373 administratum
1120 345 1177 374 est
1206 344 1244 375 et
1280 339 1326 375 D.
1363 339 1504 375 Brutus

185 400 391 438 obsidione
422 400 614 438 liberatus.
674 400 871 438 Antonius
903 400 1003 449 turpi
1029 414 1074 438 ac
1101 402 1208 439 nuda
1234 403 1323 451 fuga
1347 410 1505 440 coactus

184 464 360 501 deserere
393 463 556 510 Italiam,
585 465 790 501 consulum
821 472 952 502 autern
983 466 1078 502 alter
1109 465 1147 502 in
1179 465 1273 512 acie,
1295 467 1390 504 alter
1419 474 1506 515 post

185 541 329 577 paucos
351 527 433 565 dies
454 541 500 565 ex
520 529 680 565 uulnere
700 536 865 565 mortem
888 528 994 566 obiit.

147 609 163 638 5
237 592 382 631 Omnia
400 600 491 630 ante
511 606 628 642 quam
650 595 843 642 fugaretur
863 593 1059 631 Antonius
1080 593 1295 631 honorifice
1318 607 1340 631 a
1369 603 1505 632 senatu
1524 597 1577 633 62

184 657 222 693 in
244 658 451 695 Caesarem
468 658 758 707 exercitumque
778 658 860 696 eius
876 659 1032 696 decreta
1052 666 1141 696 sunt
1162 659 1329 697 maxime
1349 667 1506 697 auctore

184 721 400 769 Cicerone,
429 724 498 760 sed
518 731 560 760 ut
580 723 737 761 recessit
758 731 895 770 metus,
912 723 1037 773 erupit
1053 725 1234 762 uoluntas
1251 724 1506 773 protinusque

185 786 434 836 Pompeianis
466 788 639 837 partibus
670 789 783 826 rediit
813 789 976 826 animus.
1038 791 1159 827 Bruto
1187 789 1404 838 Cassioque
1424 803 1508 838 pro-

184 850 346 896 uinciae,
370 864 466 900 quas
486 851 562 889 iam
585 852 657 901 ipsi
678 853 761 890 sine
785 855 865 890 ullo
892 861 1049 891 senatus
1081 855 1261 891 consulto
1293 867 1508 902 occupaue-
1530 874 1543 892 ,ι

128 928 165 949 10
183 923 278 961 rant,
305 917 494 963 decretae,
524 917 670 955 laudati
701 917 941 967 quicumque
970 932 1011 956 se
1040 918 1085 956 iis
1115 918 1303 956 exercitus
1334 918 1509 956 tradidis—

183 990 279 1028 sent,
303 982 436 1020 omnia
456 982 711 1020 transmarina
737 983 899 1032 imperia
930 997 1064 1021 eorum
1097 984 1307 1022 commissa
1337 983 1505 1021 arbitrio.

183 1046 329 1096 quippe
369 1049 423 1084 M.
460 1049 601 1085 Brutus
641 1056 678 1085 et
717 1049 760 1087 C.
798 1048 967 1095 Cassius,
1002 1062 1107 1086 nunc
1146 1056 1364 1086 metuentes
1402 1062 1546 1093 arma3

183 1112 343 1159 Antoni,
377 1126 482 1150 nunc
519 1114 570 1151 ad
607 1114 827 1162 augendam
862 1113 943 1151 eius
982 1113 1171 1152 inuidiam
1206 1113 1433 1152 simulantes
1467 1127 1507 1151 se

183 1184 367 1224 metuere,
404 1177 529 1215 testati
562 1177 699 1215 edictis
733 1177 898 1215 libenter
931 1191 972 1215 se
1006 1179 1067 1216 uel
1102 1178 1141 1215 in
1176 1186 1364 1227 perpetuo
1394 1177 1507 1216 exilio

128 1253 162 1283 15
184 1241 365 1288 uicturos,
398 1243 491 1279 dum
523 1241 575 1279 rei
605 1241 785 1290 publicae
815 1250 1009 1279 constaret
1038 1242 1259 1288 concordia,
1286 1256 1359 1280 nec
1388 1243 1505 1279 ullam

185 1306 275 1344 belli
310 1306 433 1344 ciuilis
472 1306 713 1356 praebituros
752 1307 964 1353 materiam,
999 1307 1209 1356 plurimum
1241 1307 1314 1345 sibi
1348 1307 1507 1345 honoris

183 1385 268 1409 esse
306 1371 344 1408 in
380 1371 619 1409 conscientia
657 1371 746 1409 facti
785 1371 854 1417 sui,
891 1371 1052 1420 profecti
1092 1372 1187 1409 urbe
1225 1380 1342 1421 atque
1383 1371 1504 1413 Italia,

183 1436 334 1474 intento
355 1442 424 1476 †ac
444 1436 525 1485 pari
555 1436 688 1474 animo
720 1436 802 1474 sine
835 1437 1063 1475 auctoritate
1097 1437 1254 1486 publica
1287 1437 1507 1486 prouincias

183 1501 451 1550 exercitusque
483 1509 771 1550 occupauerant
803 1508 851 1547 et,
874 1501 1114 1550 ubicumque
1141 1501 1212 1550 ipsi
1240 1509 1380 1547 essent,
1404 1515 1508 1550 prae-

127 1578 165 1599 20
184 1574 357 1604 texentes
387 1578 470 1603 esse
500 1578 580 1602 rem
611 1564 820 1613 publicam,
843 1565 1028 1614 pecunias
1052 1565 1180 1611 etiam,
1204 1579 1303 1614 quae
1324 1579 1370 1603 ex
1390 1573 1508 1603 trans-

183 1629 339 1668 marinis
371 1628 581 1678 prouinciis
614 1630 784 1666 Romam
815 1629 865 1666 ab
897 1629 1167 1678 quaestoribus
1189 1630 1504 1679 deportabantur,

181 1708 204 1732 a
224 1694 447 1732 uolentibus
467 1700 708 1742 acceperant.
768 1706 868 1742 quae
889 1694 1021 1732 omnia
1042 1702 1197 1732 senatus
1219 1694 1383 1732 decretis
1405 1708 1508 1732 com-
1526 1715 1545 1743 4

182 1772 322 1808 prensa
365 1767 403 1797 et
450 1759 705 1807 comprobata
749 1767 841 1796 sunt
888 1767 926 1796 et
969 1761 1016 1797 D.
1059 1761 1192 1805 Bruto,
1233 1761 1341 1809 quod
1379 1760 1507 1797 alieno

182 1824 375 1862 beneficio
406 1823 565 1870 uiueret,
599 1825 777 1861 decretus
809 1824 1039 1873 triumphus,
1071 1826 1221 1862 Pansae
1252 1832 1370 1874 atque
1403 1825 1507 1862 Hirti

125 1902 162 1932 25
183 1902 346 1938 corpora
384 1888 541 1937 publica
579 1889 777 1937 sepultura
809 1889 1010 1935 honorata,
1047 1888 1224 1927 Caesaris
1262 1891 1363 1927 adeo
1403 1891 1544 1933 nulla5

183 1953 316 1991 habita
336 1952 494 1998 mentio,
518 1960 558 1989 ut
580 1952 704 2001 legati,
727 1952 794 2001 qui
818 1954 868 1990 ad
896 1952 1106 1991 exercitum
1134 1953 1216 1991 eius
1248 1953 1355 1991 missi
1386 1961 1504 1997 erant,

183 2017 407 2055 iuberentur
452 2025 650 2055 summoto
695 2031 742 2055 eo
791 2017 931 2056 milites
976 2018 1133 2067 alloqui.
1193 2031 1272 2056 non
1318 2018 1389 2056 fuit
1427 2026 1505 2056 tam

182 2082 353 2131 ingratus
391 2081 590 2128 exercitus,
627 2095 745 2131 quam
780 2083 902 2119 fuerat
937 2090 1117 2120 senatus:
1162 2096 1252 2119 nam
1291 2096 1381 2120 cum
1420 2096 1506 2120 eam

182 2146 360 2184 iniuriam
392 2145 676 2184 dissimulando
709 2147 852 2185 Caesar
878 2147 1002 2192 ferret,
1032 2159 1224 2195 negauere
1254 2146 1394 2184 milites
1424 2145 1506 2184 sine

229 2257 242 2277 1
270 2252 321 2277 est
338 2252 371 2277 et
389 2246 439 2277 P:
468 2250 558 2276 esset
573 2246 606 2276 A
729 2258 747 2285 4
773 2247 912 2277 uolnere
927 2247 999 2277 ΑΡ
1110 2258 1148 2278 10
1172 2258 1210 2278 se
1227 2248 1292 2278 hiis
1316 2258 1353 2278 se
1369 2248 1424 2280 A:
1455 2250 1508 2279 his

182 2301 219 2321 se
237 2289 288 2320 P:
312 2301 349 2320 se
368 2291 407 2319 iis
424 2295 457 2320 et
481 2290 582 2320 Orelli
598 2301 604 2320 :
624 2300 667 2320 au
686 2291 738 2321 his
761 2294 859 2322 sese?
955 2302 988 2321 11
1015 2292 1158 2322 comissa
1174 2291 1208 2321 A
1301 2291 1442 2330 imperio
1458 2293 1504 2330 A,

183 2333 267 2363 unde
277 2333 384 2362 Halm
396 2333 471 2363 coni.
486 2333 596 2363 omnia
613 2335 832 2364 transmarina
847 2344 962 2364 eorum
976 2345 1004 2366 c.
1019 2335 1160 2374 imperio
1231 2345 1269 2373 13
1286 2335 1427 2365 Antonii
1441 2336 1512 2365 ΑΡ

186 2386 223 2415 15
249 2377 332 2415 reip.
359 2376 526 2406 Gelenius:
551 2386 638 2416 resp.
660 2377 732 2407 ΑΡ
864 2380 902 2408 18
925 2388 964 2408 ac
982 2379 1053 2417 pari
1070 2378 1146 2417 AF,
1168 2379 1284 2407 malim
1301 2389 1364 2408 nec
1381 2379 1506 2418 dispari

183 2429 223 2449 22
248 2420 458 2450 auolantibus
474 2419 508 2449 A
643 2431 684 2459 23
710 2421 768 2461 D.]
789 2421 896 2451 Decio
911 2421 945 2451 A
1081 2433 1120 2460 24
1148 2421 1250 2451 Hirtii
1266 2421 1337 2451 ΑΡ
1466 2433 1506 2461 27

184 2463 319 2502 adloqui
339 2463 409 2493 AF
494 2473 535 2502 29
560 2463 688 2494 Caesar
703 2465 867 2496 Gelenius:
893 2465 1130 2496 CaesariAP:
1154 2465 1280 2495 Caesar
1296 2465 1368 2504 ipse
1384 2465 1493 2496 Halm

824 2549 865 2580 79
