<?xml version="1.0" encoding="UTF-8"?>
<!DOCTYPE html PUBLIC "-//W3C//DTD XHTML 1.0 Transitional//EN"
    "http://www.w3.org/TR/xhtml1/DTD/xhtml1-transitional.dtd">
<html xmlns="http://www.w3.org/1999/xhtml" xml:lang="en" lang="en">
 <head>
  <title>
</title>
<meta http-equiv="Content-Type" content="text/html;charset=utf-8" />
  <meta name='ocr-system' content='tesseract 3.04.00' />
  <meta name='ocr-capabilities' content='ocr_page ocr_carea ocr_par ocr_line ocrx_word'/>
</head>
<body>
  <div class='ocr_page' id='page_1' title='image "admvinciumlibrid00velluoft_0052.png"; bbox 0 0 1799 2864; ppageno 0'>
   <div class='ocr_carea' id='block_1_1' title="bbox 652 228 1204 274">
    <p class='ocr_par' dir='ltr' id='par_1_1' title="bbox 652 228 1204 274">
     <span class='ocr_line' id='line_1_1' title="bbox 652 228 1204 274; baseline 0.002 -3"><span class='ocrx_word' id='word_1_1' title='bbox 652 228 856 272; x_wconf 82' lang='lat' dir='ltr'>VELLEI</span> <span class='ocrx_word' id='word_1_2' title='bbox 888 234 1204 274; x_wconf 90' lang='lat' dir='ltr'><strong>PATERCVLI</strong></span> 
     </span>
    </p>
   </div>
   <div class='ocr_carea' id='block_1_2' title="bbox 220 347 1593 2029">
    <p class='ocr_par' dir='ltr' id='par_1_2' title="bbox 263 347 1586 725">
     <span class='ocr_line' id='line_1_2' title="bbox 264 347 1583 398; baseline -0.001 -11"><span class='ocrx_word' id='word_1_3' title='bbox 264 347 523 387; x_wconf 89' lang='lat' dir='ltr'>consobrinus</span> <span class='ocrx_word' id='word_1_4' title='bbox 553 347 612 385; x_wconf 91' lang='lat' dir='ltr'>Ti.</span> <span class='ocrx_word' id='word_1_5' title='bbox 640 347 818 395; x_wconf 85' lang='lat' dir='ltr'>Gracchi,</span> <span class='ocrx_word' id='word_1_6' title='bbox 847 347 1010 397; x_wconf 88' lang='lat' dir='ltr'>patriam</span> <span class='ocrx_word' id='word_1_7' title='bbox 1041 348 1266 398; x_wconf 87' lang='lat' dir='ltr'>cognationi</span> <span class='ocrx_word' id='word_1_8' title='bbox 1296 349 1516 398; x_wconf 88' lang='lat' dir='ltr'>praeferens</span> <span class='ocrx_word' id='word_1_9' title='bbox 1545 356 1583 386; x_wconf 91' lang='lat' dir='ltr'>et</span> 
     </span>
     <span class='ocr_line' id='line_1_3' title="bbox 263 413 1583 464; baseline -0.001 -12"><span class='ocrx_word' id='word_1_10' title='bbox 263 414 456 464; x_wconf 91' lang='lat' dir='ltr'>quidquid</span> <span class='ocrx_word' id='word_1_11' title='bbox 502 414 660 464; x_wconf 89' lang='lat' dir='ltr'>publice</span> <span class='ocrx_word' id='word_1_12' title='bbox 706 417 871 453; x_wconf 89' lang='lat' dir='ltr'>salutare</span> <span class='ocrx_word' id='word_1_13' title='bbox 920 427 999 453; x_wconf 90' lang='lat' dir='ltr'>non</span> <span class='ocrx_word' id='word_1_14' title='bbox 1041 422 1153 462; x_wconf 88' lang='lat' dir='ltr'>esset,</span> <span class='ocrx_word' id='word_1_15' title='bbox 1193 415 1374 464; x_wconf 87' lang='lat' dir='ltr'>priuatim</span> <span class='ocrx_word' id='word_1_16' title='bbox 1412 413 1583 452; x_wconf 91' lang='lat' dir='ltr'>alienum</span> 
     </span>
     <span class='ocr_line' id='line_1_4' title="bbox 263 479 1585 531; baseline -0.002 -12"><span class='ocrx_word' id='word_1_17' title='bbox 263 479 486 519; x_wconf 86' lang='lat' dir='ltr'>existimans</span> <span class='ocrx_word' id='word_1_18' title='bbox 514 480 584 531; x_wconf 88' lang='lat' dir='ltr'>(ob</span> <span class='ocrx_word' id='word_1_19' title='bbox 610 494 674 519; x_wconf 90' lang='lat' dir='ltr'>eas</span> <span class='ocrx_word' id='word_1_20' title='bbox 702 480 863 519; x_wconf 90' lang='lat' dir='ltr'>uirtutes</span> <span class='ocrx_word' id='word_1_21' title='bbox 883 480 1030 530; x_wconf 89' lang='lat' dir='ltr'>primus</span> <span class='ocrx_word' id='word_1_22' title='bbox 1051 481 1228 519; x_wconf 89' lang='lat' dir='ltr'>omnium</span> <span class='ocrx_word' id='word_1_23' title='bbox 1248 481 1390 520; x_wconf 86' lang='lat' dir='ltr'>absens</span> <span class='ocrx_word' id='word_1_24' title='bbox 1410 479 1585 530; x_wconf 81' lang='lat' dir='ltr'>pontifex</span> 
     </span>
     <span class='ocr_line' id='line_1_5' title="bbox 264 543 1586 595; baseline -0.002 -12"><span class='ocrx_word' id='word_1_25' title='bbox 264 545 454 583; x_wconf 91' lang='lat' dir='ltr'>maximus</span> <span class='ocrx_word' id='word_1_26' title='bbox 474 547 598 583; x_wconf 91' lang='lat' dir='ltr'>factus</span> <span class='ocrx_word' id='word_1_27' title='bbox 618 544 704 595; x_wconf 86' lang='lat' dir='ltr'>est),</span> <span class='ocrx_word' id='word_1_28' title='bbox 727 545 967 583; x_wconf 87' lang='lat' dir='ltr'>circumdata</span> <span class='ocrx_word' id='word_1_29' title='bbox 993 546 1107 584; x_wconf 88' lang='lat' dir='ltr'>laeuo</span> <span class='ocrx_word' id='word_1_30' title='bbox 1133 545 1293 584; x_wconf 90' lang='lat' dir='ltr'>brachio</span> <span class='ocrx_word' id='word_1_31' title='bbox 1313 554 1426 595; x_wconf 87' lang='lat' dir='ltr'>togae</span> <span class='ocrx_word' id='word_1_32' title='bbox 1446 543 1586 582; x_wconf 89' lang='lat' dir='ltr'>lacinia</span> 
     </span>
     <span class='ocr_line' id='line_1_6' title="bbox 263 610 1586 660; baseline -0.002 -11"><span class='ocrx_word' id='word_1_33' title='bbox 263 624 308 648; x_wconf 88' lang='lat' dir='ltr'>ex</span> <span class='ocrx_word' id='word_1_34' title='bbox 355 610 552 660; x_wconf 83' lang='lat' dir='ltr'>superiore</span> <span class='ocrx_word' id='word_1_35' title='bbox 599 618 707 659; x_wconf 90' lang='lat' dir='ltr'>parte</span> <span class='ocrx_word' id='word_1_36' title='bbox 754 610 924 659; x_wconf 82' lang='lat' dir='ltr'>Capitoli</span> <span class='ocrx_word' id='word_1_37' title='bbox 971 610 1134 648; x_wconf 89' lang='lat' dir='ltr'>summis</span> <span class='ocrx_word' id='word_1_38' title='bbox 1175 611 1359 660; x_wconf 81' lang='lat' dir='ltr'>gradibus</span> <span class='ocrx_word' id='word_1_39' title='bbox 1403 610 1586 648; x_wconf 85' lang='lat' dir='ltr'>insistens</span> 
     </span>
     <span class='ocr_line' id='line_1_7' title="bbox 264 675 1585 725; baseline -0.002 -11"><span class='ocrx_word' id='word_1_40' title='bbox 264 677 438 714; x_wconf 86' lang='lat' dir='ltr'>hortatus</span> <span class='ocrx_word' id='word_1_41' title='bbox 459 683 527 722; x_wconf 91' lang='lat' dir='ltr'>est,</span> <span class='ocrx_word' id='word_1_42' title='bbox 549 675 617 724; x_wconf 89' lang='lat' dir='ltr'>qui</span> <span class='ocrx_word' id='word_1_43' title='bbox 637 676 785 713; x_wconf 88' lang='lat' dir='ltr'>saluam</span> <span class='ocrx_word' id='word_1_44' title='bbox 807 676 953 713; x_wconf 91' lang='lat' dir='ltr'>uellent</span> <span class='ocrx_word' id='word_1_45' title='bbox 979 688 1060 713; x_wconf 89' lang='lat' dir='ltr'>rem</span> <span class='ocrx_word' id='word_1_46' title='bbox 1087 675 1297 724; x_wconf 87' lang='lat' dir='ltr'>publicam,</span> <span class='ocrx_word' id='word_1_47' title='bbox 1320 689 1362 714; x_wconf 91' lang='lat' dir='ltr'>se</span> <span class='ocrx_word' id='word_1_48' title='bbox 1381 688 1585 725; x_wconf 86' lang='lat' dir='ltr'>sequeren-</span> 
     </span>
    </p>

    <p class='ocr_par' dir='ltr' id='par_1_3' title="bbox 227 740 1587 1116">
     <span class='ocr_line' id='line_1_8' title="bbox 227 740 1586 789; baseline -0.001 -10"><span class='ocrx_word' id='word_1_49' title='bbox 227 752 242 772; x_wconf 80' lang='lat'>2</span> <span class='ocrx_word' id='word_1_50' title='bbox 263 749 333 779; x_wconf 89' lang='lat' dir='ltr'>tur.</span> <span class='ocrx_word' id='word_1_51' title='bbox 392 748 476 779; x_wconf 89' lang='lat' dir='ltr'>turn</span> <span class='ocrx_word' id='word_1_52' title='bbox 507 740 727 789; x_wconf 85' lang='lat' dir='ltr'>optimates,</span> <span class='ocrx_word' id='word_1_53' title='bbox 761 747 918 778; x_wconf 91' lang='lat' dir='ltr'>senatus</span> <span class='ocrx_word' id='word_1_54' title='bbox 949 747 1067 789; x_wconf 87' lang='lat' dir='ltr'>atque</span> <span class='ocrx_word' id='word_1_55' title='bbox 1098 740 1287 789; x_wconf 89' lang='lat' dir='ltr'>equestris</span> <span class='ocrx_word' id='word_1_56' title='bbox 1318 740 1465 779; x_wconf 91' lang='lat' dir='ltr'>ordinis</span> <span class='ocrx_word' id='word_1_57' title='bbox 1499 753 1586 789; x_wconf 89' lang='lat' dir='ltr'>pars</span> 
     </span>
     <span class='ocr_line' id='line_1_9' title="bbox 264 804 1586 854; baseline -0.002 -10"><span class='ocrx_word' id='word_1_58' title='bbox 264 806 400 845; x_wconf 91' lang='lat' dir='ltr'>melior</span> <span class='ocrx_word' id='word_1_59' title='bbox 420 813 457 844; x_wconf 89' lang='lat' dir='ltr'>et</span> <span class='ocrx_word' id='word_1_60' title='bbox 477 805 611 852; x_wconf 89' lang='lat' dir='ltr'>maior,</span> <span class='ocrx_word' id='word_1_61' title='bbox 634 812 671 843; x_wconf 92' lang='lat' dir='ltr'>et</span> <span class='ocrx_word' id='word_1_62' title='bbox 691 804 837 843; x_wconf 86' lang='lat' dir='ltr'>intaeta</span> <span class='ocrx_word' id='word_1_63' title='bbox 856 804 1084 854; x_wconf 85' lang='lat' dir='ltr'>perniciosis</span> <span class='ocrx_word' id='word_1_64' title='bbox 1111 804 1283 843; x_wconf 91' lang='lat' dir='ltr'>consiliis</span> <span class='ocrx_word' id='word_1_65' title='bbox 1303 805 1415 854; x_wconf 90' lang='lat' dir='ltr'>plebs</span> <span class='ocrx_word' id='word_1_66' title='bbox 1435 804 1586 842; x_wconf 83' lang='lat' dir='ltr'>inruere</span> 
     </span>
     <span class='ocr_line' id='line_1_10' title="bbox 264 869 1587 910; baseline -0.001 -1"><span class='ocrx_word' id='word_1_67' title='bbox 264 872 300 909; x_wconf 89' lang='lat' dir='ltr'>in</span> <span class='ocrx_word' id='word_1_68' title='bbox 341 871 563 910; x_wconf 88' lang='lat' dir='ltr'>Gracchum</span> <span class='ocrx_word' id='word_1_69' title='bbox 598 877 766 908; x_wconf 87' lang='lat' dir='ltr'>stantem</span> <span class='ocrx_word' id='word_1_70' title='bbox 797 869 835 907; x_wconf 91' lang='lat' dir='ltr'>in</span> <span class='ocrx_word' id='word_1_71' title='bbox 869 883 958 908; x_wconf 90' lang='lat' dir='ltr'>area</span> <span class='ocrx_word' id='word_1_72' title='bbox 991 883 1081 908; x_wconf 90' lang='lat' dir='ltr'>cum</span> <span class='ocrx_word' id='word_1_73' title='bbox 1115 869 1280 908; x_wconf 90' lang='lat' dir='ltr'>cateruis</span> <span class='ocrx_word' id='word_1_74' title='bbox 1313 869 1392 908; x_wconf 89' lang='lat' dir='ltr'>suis</span> <span class='ocrx_word' id='word_1_75' title='bbox 1425 877 1463 908; x_wconf 91' lang='lat' dir='ltr'>et</span> <span class='ocrx_word' id='word_1_76' title='bbox 1497 883 1587 908; x_wconf 93' lang='lat' dir='ltr'>con-</span> 
     </span>
     <span class='ocr_line' id='line_1_11' title="bbox 262 934 1587 986; baseline -0.002 -11"><span class='ocrx_word' id='word_1_77' title='bbox 262 937 431 975; x_wconf 89' lang='lat' dir='ltr'>cientem</span> <span class='ocrx_word' id='word_1_78' title='bbox 451 948 577 986; x_wconf 87' lang='lat' dir='ltr'>paene</span> <span class='ocrx_word' id='word_1_79' title='bbox 597 935 715 973; x_wconf 89' lang='lat' dir='ltr'>totius</span> <span class='ocrx_word' id='word_1_80' title='bbox 737 934 873 973; x_wconf 88' lang='lat' dir='ltr'>Italiae</span> <span class='ocrx_word' id='word_1_81' title='bbox 893 934 1161 984; x_wconf 87' lang='lat' dir='ltr'>frequentiam.</span> <span class='ocrx_word' id='word_1_82' title='bbox 1220 934 1251 973; x_wconf 88' lang='lat' dir='ltr'>is</span> <span class='ocrx_word' id='word_1_83' title='bbox 1278 934 1429 984; x_wconf 83' lang='lat' dir='ltr'>fugiens</span> <span class='ocrx_word' id='word_1_84' title='bbox 1453 935 1587 973; x_wconf 91' lang='lat' dir='ltr'>decur-</span> 
     </span>
     <span class='ocr_line' id='line_1_12' title="bbox 263 999 1585 1051; baseline -0.002 -11"><span class='ocrx_word' id='word_1_85' title='bbox 263 1015 430 1051; x_wconf 89' lang='lat' dir='ltr'>rensque</span> <span class='ocrx_word' id='word_1_86' title='bbox 468 1001 572 1040; x_wconf 88' lang='lat' dir='ltr'>cliuo</span> <span class='ocrx_word' id='word_1_87' title='bbox 611 1000 847 1050; x_wconf 87' lang='lat' dir='ltr'>Capitolino,</span> <span class='ocrx_word' id='word_1_88' title='bbox 888 999 1076 1050; x_wconf 87' lang='lat' dir='ltr'>fragmine</span> <span class='ocrx_word' id='word_1_89' title='bbox 1117 1000 1277 1039; x_wconf 89' lang='lat' dir='ltr'>subselli</span> <span class='ocrx_word' id='word_1_90' title='bbox 1314 1000 1414 1038; x_wconf 90' lang='lat' dir='ltr'>ictus</span> <span class='ocrx_word' id='word_1_91' title='bbox 1451 999 1585 1046; x_wconf 90' lang='lat' dir='ltr'>uitam,</span> 
     </span>
     <span class='ocr_line' id='line_1_13' title="bbox 267 1064 1582 1116; baseline -0.002 -12"><span class='ocrx_word' id='word_1_92' title='bbox 267 1080 385 1116; x_wconf 88' lang='lat' dir='ltr'>quam</span> <span class='ocrx_word' id='word_1_93' title='bbox 407 1065 684 1115; x_wconf 89' lang='lat' dir='ltr'>gloriosissime</span> <span class='ocrx_word' id='word_1_94' title='bbox 704 1066 845 1114; x_wconf 87' lang='lat' dir='ltr'>degere</span> <span class='ocrx_word' id='word_1_95' title='bbox 871 1066 1062 1114; x_wconf 86' lang='lat' dir='ltr'>potuerat,</span> <span class='ocrx_word' id='word_1_96' title='bbox 1077 1065 1271 1104; x_wconf 88' lang='lat' dir='ltr'>inmatura</span> <span class='ocrx_word' id='word_1_97' title='bbox 1300 1073 1425 1104; x_wconf 89' lang='lat' dir='ltr'>morte</span> <span class='ocrx_word' id='word_1_98' title='bbox 1445 1064 1582 1102; x_wconf 88' lang='lat' dir='ltr'>finiuit.</span> 
     </span>
    </p>

    <p class='ocr_par' dir='ltr' id='par_1_4' title="bbox 228 1130 1589 1374">
     <span class='ocr_line' id='line_1_14' title="bbox 228 1130 1589 1180; baseline -0.001 -12"><span class='ocrx_word' id='word_1_99' title='bbox 228 1138 245 1168; x_wconf 82' lang='lat'>3</span> <span class='ocrx_word' id='word_1_100' title='bbox 264 1134 340 1171; x_wconf 93' lang='lat' dir='ltr'>hoc</span> <span class='ocrx_word' id='word_1_101' title='bbox 369 1131 522 1169; x_wconf 89' lang='lat' dir='ltr'>initium</span> <span class='ocrx_word' id='word_1_102' title='bbox 551 1130 590 1168; x_wconf 91' lang='lat' dir='ltr'>in</span> <span class='ocrx_word' id='word_1_103' title='bbox 620 1131 716 1168; x_wconf 90' lang='lat' dir='ltr'>urbe</span> <span class='ocrx_word' id='word_1_104' title='bbox 749 1132 879 1168; x_wconf 88' lang='lat' dir='ltr'>Roma</span> <span class='ocrx_word' id='word_1_105' title='bbox 909 1130 1033 1168; x_wconf 89' lang='lat' dir='ltr'>ciuilis</span> <span class='ocrx_word' id='word_1_106' title='bbox 1063 1130 1260 1180; x_wconf 86' lang='lat' dir='ltr'>sanguinis</span> <span class='ocrx_word' id='word_1_107' title='bbox 1291 1130 1589 1180; x_wconf 88' lang='lat' dir='ltr'>gladiorumque</span> 
     </span>
     <span class='ocr_line' id='line_1_15' title="bbox 265 1194 1589 1247; baseline -0.003 -11"><span class='ocrx_word' id='word_1_108' title='bbox 265 1196 492 1247; x_wconf 88' lang='lat' dir='ltr'>inpunitatis</span> <span class='ocrx_word' id='word_1_109' title='bbox 521 1195 602 1234; x_wconf 90' lang='lat' dir='ltr'>fuit.</span> <span class='ocrx_word' id='word_1_110' title='bbox 661 1195 754 1233; x_wconf 92' lang='lat' dir='ltr'>inde</span> <span class='ocrx_word' id='word_1_111' title='bbox 774 1195 832 1233; x_wconf 93' lang='lat' dir='ltr'>ius</span> <span class='ocrx_word' id='word_1_112' title='bbox 857 1194 896 1232; x_wconf 87' lang='lat' dir='ltr'>ui</span> <span class='ocrx_word' id='word_1_113' title='bbox 917 1195 1101 1233; x_wconf 90' lang='lat' dir='ltr'>obrutum</span> <span class='ocrx_word' id='word_1_114' title='bbox 1127 1194 1402 1244; x_wconf 87' lang='lat' dir='ltr'>potentiorque</span> <span class='ocrx_word' id='word_1_115' title='bbox 1431 1194 1589 1233; x_wconf 90' lang='lat' dir='ltr'>habitus</span> 
     </span>
     <span class='ocr_line' id='line_1_16' title="bbox 265 1259 1589 1312; baseline -0.003 -11"><span class='ocrx_word' id='word_1_116' title='bbox 265 1263 378 1312; x_wconf 91' lang='lat' dir='ltr'>prior,</span> <span class='ocrx_word' id='word_1_117' title='bbox 418 1261 717 1310; x_wconf 86' lang='lat' dir='ltr'>discordiaeque</span> <span class='ocrx_word' id='word_1_118' title='bbox 758 1260 904 1298; x_wconf 88' lang='lat' dir='ltr'>ciuium</span> <span class='ocrx_word' id='word_1_119' title='bbox 951 1268 1067 1298; x_wconf 89' lang='lat' dir='ltr'>antea</span> <span class='ocrx_word' id='word_1_120' title='bbox 1112 1260 1414 1299; x_wconf 90' lang='lat' dir='ltr'>condicionibus</span> <span class='ocrx_word' id='word_1_121' title='bbox 1462 1259 1589 1298; x_wconf 88' lang='lat' dir='ltr'>sanari</span> 
     </span>
     <span class='ocr_line' id='line_1_17' title="bbox 265 1324 1589 1374; baseline -0.003 -8"><span class='ocrx_word' id='word_1_122' title='bbox 265 1328 401 1366; x_wconf 87' lang='lat' dir='ltr'>solitae</span> <span class='ocrx_word' id='word_1_123' title='bbox 421 1329 521 1366; x_wconf 89' lang='lat' dir='ltr'>ferro</span> <span class='ocrx_word' id='word_1_124' title='bbox 541 1325 779 1365; x_wconf 89' lang='lat' dir='ltr'>diiudicatae</span> <span class='ocrx_word' id='word_1_125' title='bbox 798 1325 980 1374; x_wconf 89' lang='lat' dir='ltr'>bellaque</span> <span class='ocrx_word' id='word_1_126' title='bbox 1000 1338 1080 1363; x_wconf 90' lang='lat' dir='ltr'>non</span> <span class='ocrx_word' id='word_1_127' title='bbox 1101 1324 1227 1363; x_wconf 87' lang='lat' dir='ltr'>causis</span> <span class='ocrx_word' id='word_1_128' title='bbox 1256 1324 1362 1371; x_wconf 87' lang='lat' dir='ltr'>inita,</span> <span class='ocrx_word' id='word_1_129' title='bbox 1385 1325 1454 1363; x_wconf 91' lang='lat' dir='ltr'>sed</span> <span class='ocrx_word' id='word_1_130' title='bbox 1474 1331 1589 1374; x_wconf 89' lang='lat' dir='ltr'>prout</span> 
     </span>
    </p>

    <p class='ocr_par' dir='ltr' id='par_1_5' title="bbox 224 1388 1591 1757">
     <span class='ocr_line' id='line_1_18' title="bbox 224 1388 1590 1440; baseline -0.004 -8"><span class='ocrx_word' id='word_1_131' title='bbox 224 1401 244 1428; x_wconf 82' lang='lat'>4</span> <span class='ocrx_word' id='word_1_132' title='bbox 264 1407 399 1432; x_wconf 88' lang='lat' dir='ltr'>eorum</span> <span class='ocrx_word' id='word_1_133' title='bbox 431 1405 580 1430; x_wconf 87' lang='lat' dir='ltr'>merces</span> <span class='ocrx_word' id='word_1_134' title='bbox 606 1390 687 1429; x_wconf 89' lang='lat' dir='ltr'>fuit.</span> <span class='ocrx_word' id='word_1_135' title='bbox 747 1390 855 1440; x_wconf 91' lang='lat' dir='ltr'>quod</span> <span class='ocrx_word' id='word_1_136' title='bbox 880 1391 985 1428; x_wconf 88' lang='lat' dir='ltr'>haud</span> <span class='ocrx_word' id='word_1_137' title='bbox 1013 1389 1154 1427; x_wconf 90' lang='lat' dir='ltr'>mirum</span> <span class='ocrx_word' id='word_1_138' title='bbox 1183 1396 1264 1428; x_wconf 87' lang='lat' dir='ltr'>est:</span> <span class='ocrx_word' id='word_1_139' title='bbox 1305 1403 1385 1428; x_wconf 91' lang='lat' dir='ltr'>non</span> <span class='ocrx_word' id='word_1_140' title='bbox 1410 1388 1515 1427; x_wconf 92' lang='lat' dir='ltr'>enim</span> <span class='ocrx_word' id='word_1_141' title='bbox 1536 1388 1590 1426; x_wconf 91' lang='lat' dir='ltr'>ibi</span> 
     </span>
     <span class='ocr_line' id='line_1_19' title="bbox 265 1453 1589 1505; baseline -0.005 -7"><span class='ocrx_word' id='word_1_142' title='bbox 265 1458 484 1497; x_wconf 89' lang='lat' dir='ltr'>consistunt</span> <span class='ocrx_word' id='word_1_143' title='bbox 530 1457 718 1505; x_wconf 90' lang='lat' dir='ltr'>exempla,</span> <span class='ocrx_word' id='word_1_144' title='bbox 758 1456 865 1493; x_wconf 93' lang='lat' dir='ltr'>unde</span> <span class='ocrx_word' id='word_1_145' title='bbox 906 1462 1131 1504; x_wconf 88' lang='lat' dir='ltr'>coeperunt,</span> <span class='ocrx_word' id='word_1_146' title='bbox 1171 1455 1241 1493; x_wconf 92' lang='lat' dir='ltr'>sed</span> <span class='ocrx_word' id='word_1_147' title='bbox 1288 1454 1504 1504; x_wconf 86' lang='lat' dir='ltr'>quamlibet</span> <span class='ocrx_word' id='word_1_148' title='bbox 1551 1453 1589 1491; x_wconf 88' lang='lat' dir='ltr'>in</span> 
     </span>
     <span class='ocr_line' id='line_1_20' title="bbox 265 1518 1590 1571; baseline -0.005 -8"><span class='ocrx_word' id='word_1_149' title='bbox 265 1534 424 1563; x_wconf 87' lang='lat' dir='ltr'>tenuem</span> <span class='ocrx_word' id='word_1_150' title='bbox 461 1529 618 1571; x_wconf 87' lang='lat' dir='ltr'>recepta</span> <span class='ocrx_word' id='word_1_151' title='bbox 655 1520 849 1559; x_wconf 90' lang='lat' dir='ltr'>tramitem</span> <span class='ocrx_word' id='word_1_152' title='bbox 892 1519 1078 1558; x_wconf 88' lang='lat' dir='ltr'>latissime</span> <span class='ocrx_word' id='word_1_153' title='bbox 1125 1519 1318 1569; x_wconf 86' lang='lat' dir='ltr'>euagandi</span> <span class='ocrx_word' id='word_1_154' title='bbox 1365 1519 1439 1557; x_wconf 92' lang='lat' dir='ltr'>sibi</span> <span class='ocrx_word' id='word_1_155' title='bbox 1485 1518 1590 1557; x_wconf 83' lang='lat' dir='ltr'>uiam</span> 
     </span>
     <span class='ocr_line' id='line_1_21' title="bbox 264 1584 1591 1635; baseline -0.005 -7"><span class='ocrx_word' id='word_1_156' title='bbox 264 1589 422 1635; x_wconf 89' lang='lat' dir='ltr'>faciunt,</span> <span class='ocrx_word' id='word_1_157' title='bbox 463 1595 501 1626; x_wconf 93' lang='lat' dir='ltr'>et</span> <span class='ocrx_word' id='word_1_158' title='bbox 544 1586 613 1625; x_wconf 93' lang='lat' dir='ltr'>ubi</span> <span class='ocrx_word' id='word_1_159' title='bbox 651 1587 771 1624; x_wconf 91' lang='lat' dir='ltr'>semel</span> <span class='ocrx_word' id='word_1_160' title='bbox 809 1592 916 1624; x_wconf 89' lang='lat' dir='ltr'>recto</span> <span class='ocrx_word' id='word_1_161' title='bbox 954 1586 1173 1623; x_wconf 90' lang='lat' dir='ltr'>deerratum</span> <span class='ocrx_word' id='word_1_162' title='bbox 1218 1592 1286 1631; x_wconf 90' lang='lat' dir='ltr'>est,</span> <span class='ocrx_word' id='word_1_163' title='bbox 1326 1584 1366 1622; x_wconf 91' lang='lat' dir='ltr'>in</span> <span class='ocrx_word' id='word_1_164' title='bbox 1404 1597 1591 1634; x_wconf 86' lang='lat' dir='ltr'>praeceps</span> 
     </span>
     <span class='ocr_line' id='line_1_22' title="bbox 266 1649 1591 1704; baseline -0.005 -11"><span class='ocrx_word' id='word_1_165' title='bbox 266 1653 500 1704; x_wconf 88' lang='lat' dir='ltr'>peruenitur,</span> <span class='ocrx_word' id='word_1_166' title='bbox 531 1665 605 1691; x_wconf 89' lang='lat' dir='ltr'>nec</span> <span class='ocrx_word' id='word_1_167' title='bbox 638 1651 845 1701; x_wconf 91' lang='lat' dir='ltr'>quisquam</span> <span class='ocrx_word' id='word_1_168' title='bbox 878 1650 951 1688; x_wconf 90' lang='lat' dir='ltr'>sibi</span> <span class='ocrx_word' id='word_1_169' title='bbox 985 1657 1095 1700; x_wconf 86' lang='lat' dir='ltr'>putat</span> <span class='ocrx_word' id='word_1_170' title='bbox 1126 1657 1248 1699; x_wconf 91' lang='lat' dir='ltr'>turpe,</span> <span class='ocrx_word' id='word_1_171' title='bbox 1285 1650 1393 1699; x_wconf 90' lang='lat' dir='ltr'>quod</span> <span class='ocrx_word' id='word_1_172' title='bbox 1426 1649 1490 1687; x_wconf 91' lang='lat' dir='ltr'>alii</span> <span class='ocrx_word' id='word_1_173' title='bbox 1520 1649 1591 1687; x_wconf 87' lang='lat' dir='ltr'>fuit</span> 
     </span>
     <span class='ocr_line' id='line_1_23' title="bbox 266 1721 518 1757; baseline -0.004 0"><span class='ocrx_word' id='word_1_174' title='bbox 266 1721 518 1757; x_wconf 88' lang='lat' dir='ltr'>fructuosum.</span> 
     </span>
    </p>

    <p class='ocr_par' dir='ltr' id='par_1_6' title="bbox 220 1777 1593 2029">
     <span class='ocr_line' id='line_1_24' title="bbox 220 1777 1590 1831; baseline -0.005 -8"><span class='ocrx_word' id='word_1_175' title='bbox 220 1785 247 1822; x_wconf 84' lang='lat'>4</span> <span class='ocrx_word' id='word_1_176' title='bbox 322 1783 495 1830; x_wconf 84' lang='lat' dir='ltr'>Interim,</span> <span class='ocrx_word' id='word_1_177' title='bbox 518 1783 614 1821; x_wconf 92' lang='lat' dir='ltr'>dum</span> <span class='ocrx_word' id='word_1_178' title='bbox 645 1782 743 1819; x_wconf 90' lang='lat' dir='ltr'>haec</span> <span class='ocrx_word' id='word_1_179' title='bbox 774 1780 813 1818; x_wconf 91' lang='lat' dir='ltr'>in</span> <span class='ocrx_word' id='word_1_180' title='bbox 846 1779 959 1818; x_wconf 85' lang='lat' dir='ltr'>Italia</span> <span class='ocrx_word' id='word_1_181' title='bbox 986 1786 1181 1829; x_wconf 88' lang='lat' dir='ltr'>geruntur,</span> <span class='ocrx_word' id='word_1_182' title='bbox 1204 1779 1460 1825; x_wconf 86' lang='lat' dir='ltr'>Aristonicus,</span> <span class='ocrx_word' id='word_1_183' title='bbox 1490 1777 1590 1831; x_wconf 88' lang='lat' dir='ltr'>[qui]</span> 
     </span>
     <span class='ocr_line' id='line_1_25' title="bbox 268 1844 1593 1898; baseline -0.002 -11"><span class='ocrx_word' id='word_1_184' title='bbox 268 1856 422 1887; x_wconf 91' lang='lat' dir='ltr'>mortuo</span> <span class='ocrx_word' id='word_1_185' title='bbox 442 1861 531 1898; x_wconf 87' lang='lat' dir='ltr'>rege</span> <span class='ocrx_word' id='word_1_186' title='bbox 550 1848 696 1893; x_wconf 89' lang='lat' dir='ltr'>Attalo,</span> <span class='ocrx_word' id='word_1_187' title='bbox 718 1859 741 1884; x_wconf 89' lang='lat' dir='ltr'>a</span> <span class='ocrx_word' id='word_1_188' title='bbox 760 1858 840 1895; x_wconf 94' lang='lat' dir='ltr'>quo</span> <span class='ocrx_word' id='word_1_189' title='bbox 866 1844 960 1883; x_wconf 87' lang='lat' dir='ltr'>Asia</span> <span class='ocrx_word' id='word_1_190' title='bbox 986 1846 1134 1894; x_wconf 93' lang='lat' dir='ltr'>populo</span> <span class='ocrx_word' id='word_1_191' title='bbox 1162 1846 1347 1882; x_wconf 89' lang='lat' dir='ltr'>Romano</span> <span class='ocrx_word' id='word_1_192' title='bbox 1377 1844 1593 1884; x_wconf 88' lang='lat' dir='ltr'>hereditate</span> 
     </span>
     <span class='ocr_line' id='line_1_26' title="bbox 267 1910 1590 1960; baseline -0.004 -7"><span class='ocrx_word' id='word_1_193' title='bbox 267 1914 399 1953; x_wconf 86' lang='lat' dir='ltr'>relicta</span> <span class='ocrx_word' id='word_1_194' title='bbox 429 1921 520 1960; x_wconf 86' lang='lat' dir='ltr'>erat,</span> <span class='ocrx_word' id='word_1_195' title='bbox 554 1912 653 1951; x_wconf 88' lang='lat' dir='ltr'>sicut</span> <span class='ocrx_word' id='word_1_196' title='bbox 684 1911 817 1950; x_wconf 88' lang='lat' dir='ltr'>relicta</span> <span class='ocrx_word' id='word_1_197' title='bbox 847 1918 984 1960; x_wconf 88' lang='lat' dir='ltr'>postea</span> <span class='ocrx_word' id='word_1_198' title='bbox 1015 1918 1073 1949; x_wconf 90' lang='lat' dir='ltr'>est</span> <span class='ocrx_word' id='word_1_199' title='bbox 1098 1924 1121 1948; x_wconf 90' lang='lat' dir='ltr'>a</span> <span class='ocrx_word' id='word_1_200' title='bbox 1148 1910 1369 1949; x_wconf 91' lang='lat' dir='ltr'>Nicomede</span> <span class='ocrx_word' id='word_1_201' title='bbox 1396 1910 1590 1960; x_wconf 90' lang='lat' dir='ltr'>Bithynia,</span> 
     </span>
     <span class='ocr_line' id='line_1_27' title="bbox 268 1976 1591 2029; baseline -0.003 -10"><span class='ocrx_word' id='word_1_202' title='bbox 268 1980 453 2019; x_wconf 89' lang='lat' dir='ltr'>mentitus</span> <span class='ocrx_word' id='word_1_203' title='bbox 484 1979 611 2029; x_wconf 86' lang='lat' dir='ltr'>regiae</span> <span class='ocrx_word' id='word_1_204' title='bbox 649 1977 777 2027; x_wconf 90' lang='lat' dir='ltr'>stirpis</span> <span class='ocrx_word' id='word_1_205' title='bbox 816 1976 1005 2027; x_wconf 89' lang='lat' dir='ltr'>originem</span> <span class='ocrx_word' id='word_1_206' title='bbox 1039 1976 1155 2014; x_wconf 88' lang='lat' dir='ltr'>armis</span> <span class='ocrx_word' id='word_1_207' title='bbox 1196 1989 1283 2015; x_wconf 90' lang='lat' dir='ltr'>eam</span> <span class='ocrx_word' id='word_1_208' title='bbox 1318 1985 1591 2026; x_wconf 89' lang='lat' dir='ltr'>occupauerat,</span> 
     </span>
    </p>
   </div>
   <div class='ocr_carea' id='block_1_3' title="bbox 266 2079 1598 2163">
    <p class='ocr_par' dir='ltr' id='par_1_7' title="bbox 266 2079 1598 2163">
     <span class='ocr_line' id='line_1_28' title="bbox 312 2079 1592 2123; baseline -0.002 -10"><span class='ocrx_word' id='word_1_209' title='bbox 312 2093 325 2113; x_wconf 89' lang='lat' dir='ltr'>r</span> <span class='ocrx_word' id='word_1_210' title='bbox 351 2082 418 2123; x_wconf 85' lang='lat' dir='ltr'>Ti.]</span> <span class='ocrx_word' id='word_1_211' title='bbox 435 2082 472 2113; x_wconf 88' lang='lat' dir='ltr'>T.</span> <span class='ocrx_word' id='word_1_212' title='bbox 486 2081 557 2113; x_wconf 83' lang='grc' dir='ltr'>ΑΡ</span> <span class='ocrx_word' id='word_1_213' title='bbox 668 2091 687 2111; x_wconf 89' lang='lat'><strong>2</strong></span> <span class='ocrx_word' id='word_1_214' title='bbox 711 2080 864 2120; x_wconf 89' lang='lat' dir='ltr'>quidquit</span> <span class='ocrx_word' id='word_1_215' title='bbox 880 2080 913 2109; x_wconf 85' lang='lat' dir='ltr'><em>A</em></span> <span class='ocrx_word' id='word_1_216' title='bbox 1005 2080 1171 2118; x_wconf 82' lang='lat' dir='ltr'>priuatum</span> <span class='ocrx_word' id='word_1_217' title='bbox 1189 2079 1221 2109; x_wconf 86' lang='lat' dir='ltr'><em>A</em></span> <span class='ocrx_word' id='word_1_218' title='bbox 1342 2090 1364 2119; x_wconf 91' lang='lat'>4</span> <span class='ocrx_word' id='word_1_219' title='bbox 1387 2080 1592 2110; x_wconf 83' lang='lat' dir='ltr'>circumdata</span> 
     </span>
     <span class='ocr_line' id='line_1_29' title="bbox 266 2122 1598 2163; baseline -0.003 -6"><span class='ocrx_word' id='word_1_220' title='bbox 266 2126 399 2158; x_wconf 79' lang='lat' dir='ltr'>Aldus:</span> <span class='ocrx_word' id='word_1_221' title='bbox 423 2136 498 2157; x_wconf 91' lang='lat' dir='ltr'>cum</span> <span class='ocrx_word' id='word_1_222' title='bbox 515 2126 593 2156; x_wconf 86' lang='lat' dir='ltr'>data</span> <span class='ocrx_word' id='word_1_223' title='bbox 609 2125 680 2155; x_wconf 87' lang='grc' dir='ltr'>ΑΡ</span> <span class='ocrx_word' id='word_1_224' title='bbox 811 2133 830 2163; x_wconf 88' lang='lat'>5</span> <span class='ocrx_word' id='word_1_225' title='bbox 853 2122 1020 2163; x_wconf 87' lang='lat' dir='ltr'>superiori</span> <span class='ocrx_word' id='word_1_226' title='bbox 1035 2123 1084 2153; x_wconf 91' lang='lat' dir='ltr'>P:</span> <span class='ocrx_word' id='word_1_227' title='bbox 1108 2133 1181 2153; x_wconf 91' lang='lat' dir='ltr'>-ore</span> <span class='ocrx_word' id='word_1_228' title='bbox 1199 2122 1264 2153; x_wconf 88' lang='lat' dir='ltr'>BA</span> <span class='ocrx_word' id='word_1_229' title='bbox 1356 2123 1510 2162; x_wconf 88' lang='lat' dir='ltr'>Capitolii</span> <span class='ocrx_word' id='word_1_230' title='bbox 1526 2123 1598 2154; x_wconf 86' lang='grc' dir='ltr'>ΑΡ</span> 
     </span>
    </p>
   </div>
   <div class='ocr_carea' id='block_1_4' title="bbox 266 2172 1592 2320">
    <p class='ocr_par' dir='ltr' id='par_1_8' title="bbox 266 2172 1592 2320">
     <span class='ocr_line' id='line_1_30' title="bbox 266 2172 1592 2243; baseline -0.002 -10"><span class='ocrx_word' id='word_1_231' title='bbox 266 2206 286 2233; x_wconf 89' lang='grc'>6</span> <span class='ocrx_word' id='word_1_232' title='bbox 302 2179 381 2235; x_wconf 58' lang='lat' dir='ltr'>segg</span> <span class='ocrx_word' id='word_1_233' title='bbox 395 2207 580 2243; x_wconf 86' lang='lat' dir='ltr'>querentur</span> <span class='ocrx_word' id='word_1_234' title='bbox 603 2202 635 2232; x_wconf 88' lang='lat' dir='ltr'><em>A</em></span> <span class='ocrx_word' id='word_1_235' title='bbox 658 2201 727 2243; x_wconf 81' lang='lat' dir='ltr'>(sic)</span> <span class='ocrx_word' id='word_1_236' title='bbox 819 2210 835 2239; x_wconf 92' lang='lat'>7</span> <span class='ocrx_word' id='word_1_237' title='bbox 861 2200 987 2240; x_wconf 88' lang='lat' dir='ltr'>optima</span> <span class='ocrx_word' id='word_1_238' title='bbox 999 2172 1040 2192; x_wconf 82' lang='lat' dir='ltr'>tes</span> <span class='ocrx_word' id='word_1_239' title='bbox 1048 2209 1101 2230; x_wconf 86' lang='lat' dir='ltr'>res</span> <span class='ocrx_word' id='word_1_240' title='bbox 1115 2199 1147 2230; x_wconf 97' lang='lat' dir='ltr'><em>A</em></span> <span class='ocrx_word' id='word_1_241' title='bbox 1170 2199 1238 2240; x_wconf 67' lang='lat' dir='ltr'>(sic)</span> <span class='ocrx_word' id='word_1_242' title='bbox 1307 2204 1409 2239; x_wconf 89' lang='lat' dir='ltr'>atque</span> <span class='ocrx_word' id='word_1_243' title='bbox 1426 2200 1592 2239; x_wconf 85' lang='lat' dir='ltr'>equestris</span> 
     </span>
     <span class='ocr_line' id='line_1_31' title="bbox 267 2252 1592 2320; baseline -0.005 -8"><span class='ocrx_word' id='word_1_244' title='bbox 267 2281 317 2311; x_wconf 82' lang='lat' dir='ltr'>P:</span> <span class='ocrx_word' id='word_1_245' title='bbox 341 2286 442 2320; x_wconf 88' lang='lat' dir='ltr'>atque</span> <span class='ocrx_word' id='word_1_246' title='bbox 454 2252 481 2272; x_wconf 88' lang='lat' dir='ltr'>et</span> <span class='ocrx_word' id='word_1_247' title='bbox 509 2277 677 2319; x_wconf 83' lang='lat' dir='ltr'>equestris</span> <span class='ocrx_word' id='word_1_248' title='bbox 694 2279 726 2308; x_wconf 84' lang='lat' dir='ltr'><em>A</em></span> <span class='ocrx_word' id='word_1_249' title='bbox 745 2289 752 2308; x_wconf 90' lang='lat'>:</span> <span class='ocrx_word' id='word_1_250' title='bbox 776 2283 876 2317; x_wconf 87' lang='lat' dir='ltr'>atque</span> <span class='ocrx_word' id='word_1_251' title='bbox 894 2277 994 2307; x_wconf 82' lang='lat' dir='ltr'>etiam</span> <span class='ocrx_word' id='word_1_252' title='bbox 1012 2262 1069 2315; x_wconf 41' lang='lat' dir='ltr'>eq,</span> <span class='ocrx_word' id='word_1_253' title='bbox 1083 2276 1228 2307; x_wconf 81' lang='lat' dir='ltr'>Laurent</span> <span class='ocrx_word' id='word_1_254' title='bbox 1352 2276 1372 2306; x_wconf 93' lang='lat'>8</span> <span class='ocrx_word' id='word_1_255' title='bbox 1396 2276 1592 2315; x_wconf 86' lang='lat' dir='ltr'>pernitiosis</span> 
     </span>
    </p>
   </div>
   <div class='ocr_carea' id='block_1_5' title="bbox 268 2319 1593 2581">
    <p class='ocr_par' dir='ltr' id='par_1_9' title="bbox 268 2319 1593 2581">
     <span class='ocr_line' id='line_1_32' title="bbox 268 2319 1591 2363; baseline -0.003 -10"><span class='ocrx_word' id='word_1_256' title='bbox 268 2324 298 2353; x_wconf 86' lang='lat' dir='ltr'><em>A</em></span> <span class='ocrx_word' id='word_1_257' title='bbox 390 2335 412 2363; x_wconf 90' lang='lat'>9</span> <span class='ocrx_word' id='word_1_258' title='bbox 435 2323 605 2355; x_wconf 89' lang='lat' dir='ltr'>Grachum</span> <span class='ocrx_word' id='word_1_259' title='bbox 621 2321 655 2351; x_wconf 90' lang='lat' dir='ltr'><em>A</em></span> <span class='ocrx_word' id='word_1_260' title='bbox 782 2332 818 2352; x_wconf 87' lang='lat'>11</span> <span class='ocrx_word' id='word_1_261' title='bbox 844 2320 993 2351; x_wconf 88' lang='lat' dir='ltr'>subsellii</span> <span class='ocrx_word' id='word_1_262' title='bbox 1010 2319 1080 2349; x_wconf 85' lang='grc' dir='ltr'>ΑΡ</span> <span class='ocrx_word' id='word_1_263' title='bbox 1198 2330 1236 2351; x_wconf 89' lang='lat'>12</span> <span class='ocrx_word' id='word_1_264' title='bbox 1260 2320 1349 2351; x_wconf 88' lang='lat' dir='ltr'>imm.</span> <span class='ocrx_word' id='word_1_265' title='bbox 1367 2319 1437 2350; x_wconf 86' lang='grc' dir='ltr'>ΑΡ</span> <span class='ocrx_word' id='word_1_266' title='bbox 1555 2329 1591 2357; x_wconf 87' lang='lat'>14</span> 
     </span>
     <span class='ocr_line' id='line_1_33' title="bbox 268 2362 1589 2416; baseline -0.004 -18"><span class='ocrx_word' id='word_1_267' title='bbox 268 2370 345 2407; x_wconf 87' lang='lat' dir='ltr'>imp.</span> <span class='ocrx_word' id='word_1_268' title='bbox 363 2366 434 2397; x_wconf 84' lang='grc' dir='ltr'>ΑΡ</span> <span class='ocrx_word' id='word_1_269' title='bbox 515 2410 522 2416; x_wconf 36' lang='grc' dir='ltr'>ι</span> <span class='ocrx_word' id='word_1_270' title='bbox 550 2409 556 2415; x_wconf 44' lang='grc'><em>·</em></span> <span class='ocrx_word' id='word_1_271' title='bbox 576 2375 613 2405; x_wconf 86' lang='lat'>15</span> <span class='ocrx_word' id='word_1_272' title='bbox 636 2370 716 2396; x_wconf 89' lang='lat' dir='ltr'>ante</span> <span class='ocrx_word' id='word_1_273' title='bbox 733 2376 752 2396; x_wconf 88' lang='lat' dir='ltr'>a</span> <span class='ocrx_word' id='word_1_274' title='bbox 768 2364 801 2395; x_wconf 87' lang='lat' dir='ltr'><em>P</em></span> <span class='ocrx_word' id='word_1_275' title='bbox 834 2408 839 2414; x_wconf 42' lang='grc'><em>.</em></span> <span class='ocrx_word' id='word_1_276' title='bbox 909 2408 914 2413; x_wconf 35' lang='lat'>¹</span> <span class='ocrx_word' id='word_1_277' title='bbox 933 2374 970 2403; x_wconf 90' lang='lat'>17</span> <span class='ocrx_word' id='word_1_278' title='bbox 996 2364 1077 2394; x_wconf 86' lang='lat' dir='ltr'>haut</span> <span class='ocrx_word' id='word_1_279' title='bbox 1093 2362 1127 2392; x_wconf 90' lang='lat' dir='ltr'><em>A</em></span> <span class='ocrx_word' id='word_1_280' title='bbox 1149 2407 1154 2412; x_wconf 44' lang='grc' dir='ltr'>Ι</span> <span class='ocrx_word' id='word_1_281' title='bbox 1265 2373 1303 2402; x_wconf 89' lang='lat'>19</span> <span class='ocrx_word' id='word_1_282' title='bbox 1327 2363 1512 2405; x_wconf 54' lang='lat' dir='ltr'>euagandip</span> <span class='ocrx_word' id='word_1_283' title='bbox 1527 2363 1589 2393; x_wconf 86' lang='lat' dir='ltr'>sibi</span> 
     </span>
     <span class='ocr_line' id='line_1_34' title="bbox 268 2406 1591 2494; baseline -0.005 -9"><span class='ocrx_word' id='word_1_284' title='bbox 268 2412 324 2494; x_wconf 54' lang='lat' dir='ltr'>fiiri</span> <span class='ocrx_word' id='word_1_285' title='bbox 342 2454 416 2493; x_wconf 83' lang='grc' dir='ltr'>ΑΡ,</span> <span class='ocrx_word' id='word_1_286' title='bbox 430 2406 1484 2490; x_wconf 35' lang='lat' dir='ltr'>iliasglssriiia&#39;asf&#39;rjtffgiisslssessiliyqssgagssziiafftalgrzizlii‘{isram</span> <span class='ocrx_word' id='word_1_287' title='bbox 1507 2417 1591 2479; x_wconf 50' lang='lat' dir='ltr'>taff?-</span> 
     </span>
     <span class='ocr_line' id='line_1_35' title="bbox 268 2493 1593 2537; baseline -0.004 -10"><span class='ocrx_word' id='word_1_288' title='bbox 268 2508 370 2537; x_wconf 87' lang='lat' dir='ltr'>quam</span> <span class='ocrx_word' id='word_1_289' title='bbox 388 2497 602 2537; x_wconf 80' lang='lat' dir='ltr'>neglegentius</span> <span class='ocrx_word' id='word_1_290' title='bbox 615 2496 770 2537; x_wconf 80' lang='lat' dir='ltr'>scriptum</span> <span class='ocrx_word' id='word_1_291' title='bbox 888 2505 929 2533; x_wconf 83' lang='lat'>24</span> <span class='ocrx_word' id='word_1_292' title='bbox 954 2493 1132 2525; x_wconf 86' lang='lat' dir='ltr'>hereditati</span> <span class='ocrx_word' id='word_1_293' title='bbox 1149 2493 1224 2533; x_wconf 86' lang='grc' dir='ltr'>ΑΡ,</span> <span class='ocrx_word' id='word_1_294' title='bbox 1244 2503 1304 2524; x_wconf 83' lang='lat' dir='ltr'>em.</span> <span class='ocrx_word' id='word_1_295' title='bbox 1324 2493 1432 2523; x_wconf 81' lang='lat' dir='ltr'>Aldus</span> <span class='ocrx_word' id='word_1_296' title='bbox 1550 2494 1593 2523; x_wconf 81' lang='lat'>26</span> 
     </span>
     <span class='ocr_line' id='line_1_36' title="bbox 269 2540 599 2581; baseline -0.003 -10"><span class='ocrx_word' id='word_1_297' title='bbox 269 2546 450 2581; x_wconf 84' lang='lat' dir='ltr'>occuparat</span> <span class='ocrx_word' id='word_1_298' title='bbox 467 2540 599 2579; x_wconf 79' lang='lat' dir='ltr'>Bentley</span> 
     </span>
    </p>
   </div>
   <div class='ocr_carea' id='block_1_6' title="bbox 911 2599 947 2620">
    <p class='ocr_par' dir='ltr' id='par_1_10' title="bbox 911 2599 947 2620">
     <span class='ocr_line' id='line_1_37' title="bbox 911 2599 947 2620; baseline 0.028 -1"><span class='ocrx_word' id='word_1_299' title='bbox 911 2599 947 2620; x_wconf 85' lang='lat'>22</span> 
     </span>
    </p>
   </div>
   <div class='ocr_carea' id='block_1_7' title="bbox 1612 941 1647 962">
    <p class='ocr_par' dir='ltr' id='par_1_11' title="bbox 1612 941 1647 962">
     <span class='ocr_line' id='line_1_38' title="bbox 1612 941 1647 962; baseline -0.029 0"><span class='ocrx_word' id='word_1_300' title='bbox 1612 941 1647 962; x_wconf 89' lang='lat'>10</span> 
     </span>
    </p>
   </div>
   <div class='ocr_carea' id='block_1_8' title="bbox 1613 1590 1652 1612">
    <p class='ocr_par' dir='ltr' id='par_1_12' title="bbox 1613 1590 1652 1612">
     <span class='ocr_line' id='line_1_39' title="bbox 1613 1590 1652 1612; baseline -0.026 0"><span class='ocrx_word' id='word_1_301' title='bbox 1613 1590 1652 1612; x_wconf 89' lang='lat'>20</span> 
     </span>
    </p>
   </div>
   <div class='ocr_carea' id='block_1_9' title="bbox 1614 1918 1652 1949">
    <p class='ocr_par' dir='ltr' id='par_1_13' title="bbox 1614 1918 1652 1949">
     <span class='ocr_line' id='line_1_40' title="bbox 1614 1918 1652 1949; baseline 0 0"><span class='ocrx_word' id='word_1_302' title='bbox 1614 1918 1652 1949; x_wconf 86' lang='lat'>25</span> 
     </span>
    </p>
   </div>
  </div>
 </body>
</html>
