1799 2864
628 203 832 240 VELLEI
864 203 1183 242 PATERCVLI

247 314 383 361 aciem,
410 313 608 364 increpata
636 314 741 364 prius
774 316 940 361 fortuna,
971 316 1079 364 quod
1113 328 1154 353 se
1187 314 1227 352 in
1261 328 1351 353 eum
1383 322 1573 353 seruasset

247 378 405 425 exitum,
436 379 683 417 denuntiaret
715 379 901 417 militibus
932 379 1097 428 uestigio
1128 393 1169 417 se
1198 392 1278 417 non
1308 391 1573 417 recessurum:

248 442 413 491 proinde
441 442 631 489 uiderent,
654 456 772 492 quern
801 451 839 480 et
865 456 945 492 quo
971 444 1060 481 loco
1086 443 1359 492 imperatorem
1387 441 1575 481 deserturi

210 517 230 545 4
249 508 385 545 forent.
445 508 683 546 uerecundia
712 507 833 557 magis
865 521 983 557 quarn
1013 507 1156 545 uirtute
1188 508 1290 546 acies
1320 508 1506 554 restituta,
1537 515 1576 545 et

248 584 271 608 a
291 572 392 609 duce
413 584 530 621 quam
551 585 575 609 a
594 571 715 609 milite
736 571 882 610 fortius.
942 572 1014 610 Cn.
1034 572 1246 621 Pompeius
1266 572 1392 621 grauis
1413 573 1574 610 uulnere

249 635 434 673 inuentus
454 635 554 673 inter
574 635 804 673 solitudines
825 635 932 673 auias
959 635 1216 685 interemptus
1243 644 1300 674 est
1314 651 1325 684 ,·
1355 637 1574 674 Labienum

249 701 478 750 Varumque
497 700 600 738 acies
620 700 789 738 abstulit.

179 769 233 815 56
306 766 450 804 Caesar
465 765 643 803 omnium
664 765 789 803 uictor
804 778 998 814 regressus
1014 765 1053 803 in
1070 766 1218 813 urbem,
1235 767 1343 816 quod
1363 767 1577 804 humanam

252 832 414 868 excedat
434 831 565 877 fidem,
584 830 780 877 omnibus,
796 830 863 880 qui
883 838 1019 868 contra
1034 844 1075 868 se
1095 844 1202 869 arma
1221 833 1399 878 tulerant,
1415 831 1577 880 ignouit,

252 893 726 944 magnificentissimisque
763 894 981 944 gladiatorii
1019 895 1202 942 muneris,
1243 895 1500 934 naumachiae
1540 903 1578 933 et
1600 912 1639 933 10

252 959 428 1008 equitum
449 959 718 1009 peditumque,
738 959 853 997 simul
870 961 1168 1009 elephantorum
1189 960 1411 999 certaminis
1432 969 1579 1010 specta-

252 1024 348 1062 culis
383 1023 567 1073 epulique
600 1037 669 1073 per
702 1025 846 1062 multos
878 1023 962 1062 dies
1000 1024 1081 1062 dati
1115 1024 1377 1062 celebratione
1414 1024 1579 1074 repleuit

217 1107 232 1128 2
252 1102 350 1126 eam.
409 1087 584 1138 quinque
611 1088 688 1137 egit
715 1088 958 1137 triumphos:
994 1088 1133 1127 Gallici
1156 1097 1364 1138 apparatus
1394 1102 1440 1126 ex
1469 1088 1577 1135 citro,

253 1153 407 1191 Pontici
445 1166 492 1191 ex
528 1154 709 1200 acantho,
749 1153 1004 1192 Alexandrini
1042 1153 1249 1200 testudine,
1290 1153 1411 1191 Africi
1449 1154 1578 1200 ebore,

254 1216 530 1267 Hispaniensis
557 1225 718 1266 argento
743 1217 846 1255 rasili
872 1217 1055 1255 constitit.
1114 1217 1282 1267 pecunia
1311 1231 1357 1256 ex
1385 1218 1581 1256 manubiis

217 1297 233 1326 3
253 1284 330 1320 lata
360 1283 478 1331 paulo
509 1281 676 1331 amplius
708 1281 859 1320 sexiens
891 1281 1044 1320 miliens
1076 1281 1306 1320 sestertium.
1364 1295 1494 1332 neque
1527 1282 1580 1320 illi

253 1354 362 1385 tanto
396 1346 480 1384 uiro
515 1353 552 1383 et
586 1353 665 1383 tam
697 1347 910 1384 clementer
941 1346 1125 1384 omnibus
1159 1344 1347 1398 [uictoriis
1381 1345 1476 1399 suis]
1509 1360 1581 1385 uso

254 1413 340 1461 plus
370 1410 545 1461 quinque
575 1409 770 1448 mensium
804 1410 1028 1460 principalis
1058 1410 1168 1460 quies
1203 1410 1375 1460 contigit.
1435 1411 1582 1461 quippe

255 1490 345 1514 cum
380 1489 515 1514 mense
547 1475 712 1514 Octobri
746 1475 785 1513 in
817 1476 955 1514 urbem
988 1476 1220 1523 reuertisset,
1253 1476 1384 1514 idibus
1417 1477 1580 1524 Martiis,

254 1540 533 1579 coniurationis
564 1540 789 1578 auctoribus
820 1542 942 1578 Bruto
972 1548 1009 1578 et
1041 1540 1190 1587 Cassio,
1219 1554 1387 1590 quorum
1418 1542 1582 1579 alterum
1605 1559 1644 1580 20

254 1605 521 1655 promittendo
548 1606 796 1642 consulatum
824 1618 904 1643 non
932 1604 1183 1654 obligauerat,
1206 1613 1341 1643 contra
1365 1605 1583 1643 differendo

255 1669 435 1708 Cassium
457 1670 684 1715 offenderat,
705 1668 868 1707 adiectis
888 1669 1005 1707 etiam
1026 1669 1253 1707 consiliariis
1274 1669 1405 1707 caedis
1426 1669 1584 1707 familia-

254 1733 414 1772 rissimis
435 1733 612 1772 omnium
634 1742 671 1771 et
692 1735 847 1771 fortuna
866 1733 1034 1782 partium
1055 1733 1137 1772 eius
1157 1733 1197 1772 in
1218 1747 1416 1772 summum
1437 1733 1584 1772 enectis

254 1798 462 1848 fastigium,
495 1801 542 1836 D.
574 1801 696 1837 Bruto
726 1807 763 1837 et
793 1800 837 1838 C.
869 1799 1071 1837 Trebonio
1099 1799 1264 1849 aliisque
1293 1798 1384 1836 clari
1413 1798 1584 1837 nominis

215 1863 358 1911 4uiris,
390 1863 647 1913 interemptus
681 1873 749 1902 est.
808 1863 871 1902 cui
910 1877 1092 1913 magnam
1130 1864 1320 1902 inuidiam
1360 1863 1610 1902 conciliaratv

471 1967 478 1993 i

301 2012 315 2032 1
342 2001 516 2040 increpata
541 2001 574 2030 A
681 2013 700 2040 4
725 2002 880 2032 restituta
905 2006 938 2032 et
963 2013 982 2032 a
1009 2002 1315 2038 Orcllz'(restitutae
1332 2006 1366 2032 et
1382 2002 1450 2031 iam
1468 2001 1586 2032 Ruhn-

253 2045 326 2085 ken)
346 2056 352 2075 :
377 2045 554 2075 restitutae
567 2045 601 2076 C.
618 2045 660 2076 A.
674 2045 726 2075 B:
745 2046 920 2076 restitutae
937 2051 1015 2076 sunt
1031 2057 1050 2076 a
1067 2045 1156 2076 AP:
1181 2046 1355 2076 restitutae
1373 2050 1450 2076 sunt
1467 2056 1486 2076 a
1500 2046 1585 2076 duce

254 2099 353 2127 quarn
376 2099 393 2118 a
422 2088 527 2119 milite
553 2089 664 2127 potius
690 2089 901 2120 Mommsen:
933 2090 1088 2120 restituta
1112 2095 1146 2120 et
1170 2094 1333 2119 certatum
1350 2100 1378 2119 a.
1396 2089 1428 2118 d.
1446 2099 1476 2127 q.
1495 2099 1527 2119 a.
1543 2099 1584 2120 m.

255 2132 374 2162 fortius
394 2131 526 2162 Scn'ner
610 2141 628 2169 5
653 2133 766 2170 grauis
783 2143 849 2164 om.
867 2132 900 2161 A
918 2143 925 2162 ε
948 2132 1005 2162 sed
1016 2133 1110 2171 graui
1127 2133 1256 2162 sinistro
1274 2132 1422 2172 margine
1436 2132 1585 2162 additum

258 2185 297 2205 10
314 2175 724 2214 magnificentissimisque
741 2175 773 2204 A
792 2180 821 2205 et
836 2177 880 2205 sic
892 2176 1063 2215 legendum
1074 2177 1229 2216 praecepit
1244 2176 1370 2206 Burer:
1394 2185 1460 2214 que
1477 2186 1543 2206 om.
1555 2174 1590 2205 P

258 2229 296 2257 14
320 2219 394 2249 Afri
418 2219 451 2248 A
547 2228 584 2256 15
610 2219 860 2258 Hespaniensis
886 2220 996 2249 uisum
1019 2223 1065 2249 est
1082 2220 1194 2260 potius
1223 2220 1256 2249 in
1282 2219 1315 2248 A
1409 2220 1448 2248 16
1471 2220 1585 2249 sexies

254 2263 363 2293 milies
379 2262 431 2292 P:
455 2263 655 2292 sextertium
673 2262 705 2291 A
724 2273 730 2292 :
759 2263 842 2293 S-H
861 2262 913 2293 P:
944 2263 1102 2302 sexagies
1118 2263 1290 2292 Hotoman
1428 2272 1464 2300 17
1490 2268 1585 2292 tanto

256 2306 329 2335 uiro
347 2316 412 2337 om.
432 2306 464 2335 A
608 2306 793 2336 uictoribus
817 2307 887 2336 suis
901 2316 962 2336 uso
980 2306 1021 2346 Β,
1038 2307 1127 2345 quod
1143 2306 1289 2336 Gelenius
1305 2306 1337 2335 in
1353 2305 1502 2336 uictoriis
1515 2306 1584 2336 suis

256 2350 401 2379 mulam‘t
415 2361 422 2380 ε
447 2349 630 2380 uictoribus
641 2349 710 2379 suis
724 2360 789 2380 om.
807 2349 895 2380 AP:
915 2357 920 2366 ¹
934 2349 1028 2379 Patet
1039 2349 1102 2379 duo
1117 2350 1270 2379 uocabula
1283 2349 1484 2390 [uictoribus
1498 2349 1586 2389 suis]

256 2393 308 2421 uel
329 2393 412 2422 inter
423 2403 534 2423 uersus
540 2392 647 2431 fuisse
661 2393 790 2432 scripta,
806 2394 856 2423 nel
873 2393 979 2432 signis
994 2393 1111 2422 additis
1128 2393 1275 2432 margini
1288 2393 1433 2432 apposita
1445 2392 1452 2405 ’
1469 2393 1566 2423 Kritz
1581 2404 1588 2423 :

255 2447 291 2465 ea
309 2436 427 2465 delebat
446 2436 483 2466 G.
499 2436 544 2467 A.
559 2436 650 2466 Koch
741 2447 782 2466 20
807 2436 1050 2466 coniurationis
1065 2436 1098 2466 P
1113 2448 1119 2467 :
1144 2436 1403 2467 coniurationib.
1420 2436 1453 2465 A
1546 2446 1588 2475 23

256 2480 402 2510 reuectis
418 2479 489 2509 AF
574 2490 614 2518 24
632 2480 792 2510 Tribonio
808 2480 860 2510 P:
882 2480 1043 2511 Tribonio
1067 2481 1145 2521 (non
1163 2480 1338 2517 'l'riboniOJ
1357 2479 1390 2509 A

901 2540 941 2572 74
