1799 2864
661 196 865 233 VELLEI
898 195 1214 234 PATERCVLI

283 306 536 345 memorabile
556 307 629 345 sub
648 307 758 346 initia
776 307 1058 357 stipendiorum
1073 321 1249 346 meorum
1266 307 1422 346 tribuno
1439 306 1605 345 militum

246 393 263 423 3
283 377 378 415 mihi
398 377 522 416 uisere
550 377 733 427 contigit:
763 391 881 427 quern
910 377 1068 416 militiae
1096 379 1259 427 gradum
1287 385 1377 415 ante
1404 377 1478 414 sub
1498 384 1605 426 patre

282 449 360 488 tuo,
385 443 440 480 M.
463 441 604 489 Vinici,
627 451 665 480 et
686 444 725 480 P.
749 442 843 480 Silio
863 442 1085 492 auspicatus
1106 442 1144 480 in
1165 441 1333 480 Thracia
1355 440 1606 480 Macedonia-

281 520 369 556 que,
403 521 494 545 mox
526 507 676 545 Achaia
709 507 881 557 Asiaque
914 516 952 545 et
983 507 1166 545 omnibus
1197 509 1247 545 ad
1279 506 1481 545 Orientem
1512 505 1605 544 uisis

281 572 492 622 prouinciis
522 580 559 610 et
588 585 654 610 ore
683 579 800 621 atque
831 580 995 621 utroque
1026 571 1140 609 maris
1165 571 1318 609 Pontici
1347 572 1476 617 latere,
1499 571 1605 608 haud
1626 578 1642 608 5

281 637 495 676 iniucunda
515 645 571 675 tot
593 651 730 683 rerum,
749 638 936 683 locorum,
954 636 1140 686 gentium,
1158 636 1313 675 urbium
1334 636 1605 675 recordatione

280 704 463 752 perfruor.
523 702 626 752 prior
653 703 817 740 Parthus
843 703 949 751 apud
971 702 1113 740 Gaium
1142 702 1180 739 in
1208 710 1339 740 nostra
1365 702 1457 751 ripa,
1480 710 1607 751 poste-

281 769 357 807 rior
376 768 440 806 hic
460 769 565 817 apud
587 781 715 816 regem
736 766 775 804 in
796 766 928 805 hostili
948 769 1126 816 epulatus
1147 775 1214 805 est.

188 843 264 873 102
337 835 428 882 Quo
458 841 634 883 tempore
670 835 724 870 M.
753 833 864 880 Lolli,
898 847 1015 882 quern
1057 833 1178 871 ueluti
1223 835 1507 872 moderatorem
1554 832 1606 870 iu-

281 906 422 936 uentae
464 898 531 935 filii
579 897 638 935 sui
686 900 885 947 Augustus
936 911 1021 936 esse
1073 899 1259 943 uoluerat,
1313 898 1514 947 perfidiam
1567 905 1604 935 et
1627 918 1665 940 10

281 965 396 1013 plena
427 963 583 1001 subdoli
612 977 658 1001 ac
687 963 833 1001 uersuti
861 963 982 1001 animi
1016 962 1188 1009 consilia,
1225 976 1292 1012 per
1335 964 1520 1000 Parthum
1552 963 1606 1000 in-

281 1027 410 1066 dicata
448 1027 604 1066 Caesari
649 1029 753 1065 fama
796 1027 993 1077 uulgauit:
1038 1027 1147 1066 cuius
1189 1041 1292 1066 mors
1327 1027 1426 1066 intra
1459 1041 1606 1078 paucos

282 1091 365 1130 dies
414 1091 572 1130 fortuita
613 1105 662 1129 an
715 1091 934 1130 uoluntaria
975 1092 1088 1130 fuerit
1137 1092 1283 1142 ignoro.
1371 1095 1441 1132 sed
1488 1107 1606 1142 quarn

283 1157 388 1194 hunc
425 1156 639 1194 decessisse
682 1156 812 1194 laetati
852 1156 1042 1203 homines,
1084 1165 1162 1195 tam
1201 1158 1318 1207 paulo
1356 1165 1445 1207 post
1478 1158 1608 1196 obisse

284 1222 546 1262 Censorinum
588 1222 627 1260 in
675 1222 813 1261 iisdem
859 1222 1070 1272 prouinciis
1116 1223 1283 1272 grauiter
1329 1223 1415 1261 tulit
1459 1223 1606 1270 ciuitas,
1630 1242 1666 1274 ¹5

245 1308 260 1329 2
283 1286 410 1324 uirum
437 1288 685 1326 demerendis
715 1288 941 1326 hominibus
968 1288 1153 1337 genitum.
1212 1289 1439 1327 Armeniam
1464 1289 1608 1328 deinde

289 1353 414 1391 Gaius
442 1352 635 1402 ingressus
665 1353 789 1403 prima
817 1362 925 1403 parte
954 1353 1132 1392 introitus
1159 1368 1342 1404 prospere
1368 1368 1445 1392 rem
1469 1354 1585 1404 gessit
1601 1368 1611 1401 3

285 1430 376 1455 mox
414 1417 453 1454 in
493 1418 701 1468 colloquio,
743 1418 805 1456 cui
843 1432 884 1456 se
922 1427 1067 1457 temere
1101 1419 1328 1466 crediderat,
1369 1419 1470 1457 circa
1502 1421 1612 1457 Arta-

284 1495 416 1531 geram
460 1482 626 1532 grauiter
666 1497 689 1520 a
733 1485 918 1532 quodam,
960 1483 1121 1521 nomine
1166 1485 1324 1530 Adduo,
1372 1486 1608 1530 uulneratus,

285 1561 332 1586 ex
361 1561 408 1585 eo
442 1555 484 1585 ut
518 1561 658 1597 corpus
690 1547 818 1586 minus
853 1547 993 1594 habile,
1026 1548 1077 1586 ita
1107 1548 1282 1586 animum
1317 1548 1446 1586 minus
1476 1548 1610 1586 utilem
1632 1567 1671 1588 20

248 1631 267 1662 3
286 1611 340 1650 rei
369 1611 550 1662 publicae
581 1613 724 1650 habere
754 1612 892 1662 coepit.
952 1626 1026 1650 nec
1059 1613 1182 1651 defuit
1213 1612 1459 1651 conuersatio
1488 1612 1612 1651 homi-

286 1690 381 1714 num
412 1676 506 1714 uitia
534 1676 616 1714 eius
640 1677 912 1715 adsentatione
935 1677 1122 1715 alentium
1145 1677 1305 1728 (etenim
1329 1691 1484 1727 semper
1510 1691 1613 1727 niag-

287 1755 360 1779 nae
394 1742 572 1779 fortunae
611 1755 742 1780 comes
773 1743 884 1780 adest
917 1742 1119 1793 adulatio),
1153 1756 1220 1792 per
1250 1756 1351 1793 quae
1385 1756 1432 1781 eo
1471 1744 1612 1781 ductus

336 1855 349 1875 1
376 1845 409 1874 in
425 1845 458 1874 A
487 1845 617 1874 inducta
633 1849 679 1875 est
690 1846 801 1884 prima
819 1846 920 1876 littera
937 1857 967 1876 m
988 1847 1012 1886 <3
1030 1847 1079 1876 ini
1100 1847 1249 1876 uocabulz'
1262 1857 1413 1877 meorum
1521 1857 1540 1886 3
1566 1847 1608 1879 M.

287 1887 397 1918 Vinici
412 1888 490 1926 ΑΡ,
509 1888 566 1917 sed
578 1888 687 1918 Bnrer
699 1889 869 1919 aduotmcit
884 1890 1126 1919 Mnrbacensem
1148 1891 1193 1919 sic
1211 1891 1322 1920 habere
1339 1894 1375 1920 ut
1384 1891 1495 1930 polius
1511 1891 1611 1931 legen-

290 1931 371 1961 dum
388 1932 580 1961 eaislinszmet
601 1932 646 1962 M.
663 1932 794 1963 Vinicio
905 1944 924 1971 4
949 1934 1028 1963 uisis
1044 1934 1132 1964 AP:
1160 1934 1167 1950 ‘
1181 1935 1262 1963 alias
1287 1944 1365 1964 usus
1379 1933 1385 1945 '
1410 1934 1592 1964 Rhenanus
1606 1947 1612 1965 :

280 1975 423 2014 sortasse
439 1986 567 2014 uersus,
589 1979 623 2005 ul
634 1975 737 2005 Bollze
746 1977 822 2007 coni.
916 1987 932 2015 7
951 1977 1068 2006 Gaium
1081 1977 1113 2006 A
1132 1989 1138 2007 ε
1163 1977 1323 2007 CaiumP
1407 1988 1428 2017 9
1454 1978 1617 2008 LolliAP

290 2019 449 2048 iuuaentae
468 2018 502 2048 A
596 2029 635 2049 10
660 2020 802 2058 perfidia
818 2020 864 2057 A,
885 2020 974 2059 quod
986 2021 1121 2051 correxi:
1146 2021 1274 2059 perfida
1298 2020 1331 2050 P
1419 2032 1457 2051 12
1474 2022 1613 2052 Caesari

290 2062 378 2092 sama
401 2073 431 2092 u.
456 2062 608 2102 Lipsius:
633 2063 788 2093 Caesaris
805 2064 868 2093 iam
885 2064 1057 2103 auulgauit
1076 2064 1153 2094 ΑΡ.
1201 2064 1287 2095 Plz'n.
1306 2064 1352 2095 H.
1379 2063 1420 2094 N.
1436 2076 1467 2104 9.
1482 2067 1542 2095 118
1561 2066 1612 2095 hic

291 2110 342 2135 est
369 2106 561 2144 rapinarum
591 2107 708 2139 exitus.
738 2108 801 2137 hoc
825 2107 885 2137 suit
915 2118 1018 2146 quare
1052 2108 1096 2138 M.
1131 2108 1258 2138 Lollius
1289 2108 1465 2138 infamatus
1497 2119 1613 2147 regum

291 2149 484 2179 muneribus
502 2149 534 2179 in
553 2154 623 2180 toto
641 2150 782 2180 Oriente
800 2151 978 2181 interdicta
995 2151 1138 2181 amicitia
1150 2163 1167 2181 a
1182 2152 1217 2182 C.
1231 2152 1376 2182 Caesare
1387 2152 1532 2190 Augusti
1545 2153 1613 2182 filio

292 2203 460 2222 uenenum
478 2193 608 2223 biberet
699 2204 737 2232 13
762 2194 862 2224 suerit
891 2195 1023 2233 dignior
1046 2195 1103 2226 Ab:
1130 2195 1229 2225 suerit
1256 2196 1375 2233 ignoro
1402 2195 1454 2225 P:
1471 2196 1616 2234 sortasse

292 2236 430 2266 fortuita
447 2247 489 2266 an
506 2237 695 2267 uoluntaria
712 2237 809 2268 suerit
822 2238 1000 2277 indignior,
1018 2239 1132 2268 nescio
1225 2249 1263 2277 14
1287 2239 1453 2269 obiisseA
1470 2250 1475 2269 :
1501 2240 1613 2269 odisse

293 2280 468 2319 margaA:
493 2280 605 2310 obisse
629 2280 663 2310 P
758 2291 795 2320 17
822 2282 925 2311 Gaius
950 2282 1023 2313 add.
1050 2282 1181 2312 Kranse
1277 2292 1347 2312 rem
1364 2282 1436 2312 add.
1458 2282 1615 2312 Heinsius

296 2325 335 2353 18
360 2324 538 2362 conloquio
558 2324 724 2355 Gelenius:
750 2325 963 2363 conloquium
982 2326 1068 2363 (coll.
1088 2325 1138 2364 A)
1168 2325 1239 2355 ΑΡ
1348 2336 1423 2356 cum
1453 2331 1613 2365 suprascr.

293 2367 344 2396 cui
360 2366 394 2396 A
514 2367 682 2405 Artagera
703 2368 852 2398 Muretus
870 2380 907 2398 ex
925 2369 1059 2399 Zonara
1071 2374 1108 2409 p.
1128 2379 1191 2408 539
1208 2369 1262 2399 D:
1293 2369 1492 2408 Artageram
1510 2369 1616 2399 uindi-

293 2410 379 2440 cauit
398 2410 543 2440 Thomas
552 2415 587 2450 p.
608 2421 647 2441 12
750 2422 790 2450 23
815 2422 927 2443 comes
944 2417 995 2443 est
1010 2412 1044 2442 A

930 2516 988 2538 112
