1799 2864
178 696 229 742 38

634 200 838 238 VELLEI
870 202 1187 241 PATERCVLI

250 308 440 358 Pompeio
472 309 590 348 moris
624 318 714 357 erat,
748 311 904 349 redacta
937 311 976 349 in
1011 311 1226 361 quaestoris
1260 319 1493 362 potestatem
1524 326 1570 351 ac

248 373 415 422 publicis
436 374 630 424 descripta
650 374 794 413 litteris.
854 375 961 424 Syria
979 376 1166 426 aliaeque,
1185 390 1281 426 quas
1298 386 1569 427 occupauerat,

249 437 474 487 prouinciae
494 448 660 488 ereptae,
682 447 720 477 et
746 439 844 477 aliae
870 439 1068 478 restitutae
1088 443 1235 490 populo
1258 443 1452 488 Romano,
1474 441 1572 480 aliae

250 511 333 540 tum
367 502 536 552 primum
571 503 609 541 in
632 503 721 542 eius
756 511 990 553 potestatem
1021 506 1211 552 redactae,
1245 514 1286 544 ut
1320 506 1437 555 Syria,
1471 519 1572 556 quae

249 575 332 605 tum
353 567 521 616 primurn
549 569 650 606 facta
681 576 738 606 est
765 568 1025 617 stipendiaria.
1084 569 1171 608 finis
1191 570 1328 620 imperi
1348 570 1426 620 regi
1447 570 1573 609 termi-

249 639 362 669 natus
383 632 578 670 Armenia.

304 697 427 734 Haud
456 697 670 734 absurdum
701 696 857 735 uidetur
885 697 1074 746 propositi
1100 697 1227 747 operis
1257 700 1410 748 regulae
1439 699 1573 748 paucis

249 773 481 810 percurrere,
510 774 611 810 quae
641 761 830 811 cuiusque
859 763 980 799 ductu
1009 775 1104 811 gens
1137 776 1184 800 ac
1212 762 1318 801 natio
1349 765 1506 802 redacta
1534 764 1573 801 in

249 826 456 863 formulam
483 824 709 874 prouinciae
737 825 989 875 stipendiaria
1018 828 1119 864 facta
1147 826 1206 873 sit,
1228 827 1378 876 facilius
1405 836 1447 865 ut
1473 841 1574 877 quae

213 903 227 923 2
249 889 422 939 partibus
444 889 679 937 notauimus,
695 890 810 928 simul
830 890 1012 929 uniuersa
1025 891 1200 941 conspici
1212 891 1373 941 possint.
1427 892 1574 942 primus

249 954 288 992 in
306 953 476 992 Siciliam
490 954 638 992 traiecit
654 954 865 992 exercitum
879 957 1016 993 consul
1031 955 1230 1003 Claudius,
1246 957 1316 994 sed
1331 956 1575 1006 prouinciam

250 1033 336 1058 eam
363 1027 452 1068 post
480 1032 605 1057 annos
635 1021 755 1058 ferme
786 1031 840 1057 L11
871 1020 993 1069 captis
1018 1020 1215 1069 Syracusis
1244 1021 1335 1059 fecit
1366 1023 1576 1060 Marcellus

252 1083 451 1123 Claudius.
511 1083 658 1133 primus
679 1083 851 1122 Africam
874 1085 1048 1134 Regulus
1068 1098 1176 1123 nono
1196 1086 1317 1123 ferme
1336 1099 1442 1124 anno
1462 1085 1575 1135 primi

252 1148 390 1186 Punici
411 1147 502 1186 belli
523 1179 530 1186 .
555 1179 562 1186 .
586 1179 593 1186 .
614 1163 624 1196 3
653 1149 722 1187 sed
742 1157 831 1198 post
852 1153 873 1187 †
890 1160 1004 1186 CC1111
1026 1162 1151 1187 annos
1173 1151 1213 1187 P.
1237 1149 1368 1199 Scipio
1395 1150 1578 1188 Aemilia-

252 1227 325 1251 nus
359 1222 468 1251 eruta
499 1213 734 1263 Carthagine
764 1213 910 1252 abhinc
938 1227 1063 1252 annos
1095 1215 1303 1256 ''rCLXXXII
1334 1214 1506 1253 Africam
1536 1215 1575 1253 in

252 1279 459 1316 formulam
494 1277 642 1327 redegit
686 1277 922 1327 prouinciae.
981 1277 1159 1316 Sardinia
1196 1278 1295 1316 inter
1332 1278 1501 1328 primum
1540 1287 1578 1317 et

253 1344 472 1381 secundum
493 1343 640 1380 bellum
662 1343 855 1381 Punicum
876 1344 997 1381 ductu
1018 1345 1062 1380 T.
1089 1343 1214 1380 Manli
1234 1343 1405 1382 consulis
1429 1352 1578 1382 certum

215 1421 229 1449 7
253 1407 399 1457 recepit
428 1407 565 1456 imperi
594 1407 738 1457 iugum.
798 1407 958 1445 inmane
986 1407 1150 1445 bellicae
1181 1407 1348 1446 ciuitatis
1378 1421 1580 1458 argumen-

253 1481 348 1519 tum,
372 1473 480 1522 quod
501 1473 621 1510 semel
642 1472 715 1510 sub
736 1472 902 1521 regibus,
924 1471 1063 1510 iterum
1079 1473 1156 1510 hoc
1168 1473 1214 1510 T.
1233 1472 1384 1510 Manlio
1405 1474 1578 1520 consule,

253 1537 366 1576 tertio
405 1540 583 1586 Augusto
627 1536 802 1586 principe
839 1545 967 1575 certae
1003 1536 1110 1586 pacis
1147 1545 1420 1586 argumentum
1460 1539 1580 1576 Ianus

254 1602 432 1653 geminus
453 1604 607 1640 clausus
628 1602 747 1640 dedit.
806 1602 845 1640 in
869 1601 1082 1651 Hispanias
1103 1601 1216 1651 primi
1237 1602 1415 1641 omnium
1436 1604 1580 1641 duxere

302 1719 315 1739 1
342 1709 477 1739 redacta
494 1708 534 1738 ad
551 1712 765 1746 quaestorem
779 1706 941 1737 Ruhnken
1041 1716 1060 1736 2
1083 1716 1166 1744 quas
1182 1705 1233 1737 P:
1256 1716 1344 1745 quae
1360 1705 1393 1736 A
1484 1717 1580 1737 occu-

256 1756 420 1793 pauerant
436 1751 512 1790 AF,
531 1762 591 1781 em.
614 1751 761 1781 Gelenius
831 1760 851 1788 3
869 1756 902 1781 et
915 1748 986 1779 ΑΡ
997 1761 1004 1780 2
1029 1750 1058 1779 ei
1076 1749 1239 1796 Ruhnken
1328 1759 1347 1788 5
1371 1750 1455 1789 regii
1480 1750 1580 1781 Hein-

255 1830 345 1859 sius:
370 1828 440 1867 regi
465 1827 536 1857 ΑΡ
641 1838 662 1867 9
686 1827 855 1866 prouintie
878 1826 911 1855 A
989 1801 1196 1865 stipendia&
1214 1827 1283 1866 (sicl
1366 1833 1464 1866 pacta
1487 1827 1530 1857 sit
1546 1827 1579 1856 A

255 1873 313 1903 sed
339 1873 372 1902 in
405 1882 510 1911 marg.
543 1871 624 1902 alias
660 1871 708 1901 ria
740 1870 850 1901 facta:
891 1870 1061 1909 stipendia
1094 1875 1191 1909 pacta
1222 1872 1265 1900 sit
1294 1870 1328 1899 P
1392 1871 1583 1901 notauimus

257 1916 386 1947 facilius
418 1920 454 1945 ut
484 1925 571 1953 quae
599 1915 681 1953 (que
708 1914 761 1954 A)
789 1914 938 1953 partibus
965 1912 1043 1948 ΑΡ,
1072 1913 1129 1943 sed
1156 1913 1339 1944 Rhenanus
1369 1913 1447 1945 adn.
1483 1914 1583 1944 ‘alias

258 1960 449 1990 notabimus
478 1964 514 1989 ut
542 1958 672 1988 facilius
701 1968 720 1987 e
748 1957 916 1996 partibus'
962 1956 1134 1987 Acidalius
1160 1967 1236 1987 corr.
1262 1962 1297 1986 ut
1320 1968 1407 1996 quae
1432 1958 1584 1997 partibus

259 2003 458 2041 notabimus,
479 2002 608 2032 facilius
623 2002 711 2031 etsie
731 2002 854 2041 Haase,
876 2001 940 2031 nisi
953 2000 1043 2039 quod
1065 2001 1192 2030 ielinuit
1214 2001 1430 2032 notauimus:
1454 2001 1584 2031 facilius

260 2052 294 2077 ut
314 2047 371 2082 (sic
386 2047 453 2076 iam
475 2045 579 2083 Voss),
599 2055 684 2084 quae
703 2045 854 2084 partibus
872 2044 1064 2074 notauimus
1083 2043 1185 2073 Bothe
1199 2048 1227 2073 et
1248 2044 1393 2074 Thomas
1546 2055 1581 2074 11

260 2097 348 2132 &U‘S
365 2100 397 2129 A
414 2111 419 2131 :
445 2099 543 2130 COS.
560 2099 594 2128 P
678 2103 731 2129 set
748 2099 898 2139 Sauppe:
924 2099 983 2128 sed
1001 2098 1186 2127 Mommsen
1201 2109 1206 2128 :
1232 2104 1265 2128 et
1281 2098 1352 2128 ΑΡ
1465 2108 1503 2128 12
1527 2109 1583 2129 Lxr

261 2144 330 2185 del,
351 2144 420 2174 dein
438 2153 484 2173 L11
501 2143 533 2172 A
636 2142 828 2172 Marcellius
844 2141 877 2171 A
1015 2151 1052 2179 13
1076 2141 1202 2180 primus
1220 2142 1253 2171 in
1271 2141 1418 2172 Africam
1439 2142 1585 2172 Gelenius

264 2199 301 2227 14
325 2197 506 2227 aggressus
523 2191 574 2216 est
590 2186 751 2226 suppleuit
765 2185 874 2215 Halm
957 2185 1016 2215 sed
1034 2184 1086 2227 1³3
1109 2195 1146 2214 se
1163 2184 1195 2213 A
1265 2195 1358 2216 661111
1375 2184 1463 2215 ΑΡ;
1487 2195 1583 2216 cvnis

261 2233 391 2272 Bipont.
411 2243 417 2261 :
443 2240 511 2260 cvu
530 2230 676 2260 Lam-ent
789 2238 825 2267 15
848 2229 972 2259 Armes
987 2229 1028 2258 ab
1045 2228 1098 2257 hie
1115 2239 1224 2258 annos
1241 2229 1273 2258 A
1295 2229 1365 2269 (sic)
1444 2239 1583 2259 61-11111111

262 2275 349 2306 AP:
383 2283 498 2304 CLxxu
523 2273 618 2304 Kn'tz
751 2274 788 2302 18
813 2272 931 2311 imperi
956 2272 1013 2302 A:
1047 2272 1177 2311 imperii
1201 2271 1234 2301 P
1366 2283 1403 2311 19
1426 2273 1532 2302 semel
1557 2272 1590 2302 P

263 2319 296 2348 in
316 2318 348 2347 A
374 2319 475 2348 littera
499 2316 636 2346 secunda
659 2316 743 2345 mihi
757 2316 867 2356 polius
889 2318 921 2346 c⁰
943 2315 1014 2345 uisa
1033 2318 1087 2355 est,
1107 2316 1157 2345 sc⁰
1174 2315 1192 2344 Γ
1209 2327 1216 2345 z
1240 2316 1356 2345 iterum
1376 2316 1553 2356 inspicienti
1566 2326 1585 2345 e

265 2362 480 2402 neglegentius
486 2361 579 2399 sacta
595 2360 704 2389 habita
717 2363 761 2389 est
777 2359 836 2389 sel’
969 2369 1010 2389 20
1034 2359 1134 2389 tertio
1152 2358 1184 2387 A
1201 2371 1206 2390 :
1231 2361 1271 2389 ffi
1287 2358 1337 2391 P:
1363 2365 1414 2390 ter
1435 2359 1586 2389 Willzelm

263 2405 439 2435 secundum
468 2404 557 2434 Mon.
588 2403 710 2442 Ancyr.
734 2414 763 2441 2,
790 2413 809 2441 5
840 2402 995 2433 Momnts.
1021 2406 1050 2432 el
1072 2401 1162 2433 Suet.
1186 2402 1278 2442 Aug.
1304 2413 1344 2433 22
1486 2402 1586 2435 Ianus

265 2449 420 2488 geminus
437 2447 489 2479 P:
515 2447 629 2478 lanius
646 2446 820 2477 Geminius
837 2446 868 2476 A
887 2457 894 2476 ε
919 2445 1025 2476 ianius
1041 2445 1206 2484 geminius
1223 2446 1255 2477 Β

905 2531 944 2564 :6

903 2562 919 2574 U

1599 904 1635 926 10

1602 1554 1640 1576 20
