1799 2864
635 207 1091 247 COMMENTARIVS
1122 209 1384 248 CRITICVS

340 327 376 349 se
405 341 413 349 .
433 341 440 349 .
477 319 718 352 commmitteret
748 318 949 363 decreuere,
984 319 1054 354 nisi
1093 319 1191 364 quod
1226 320 1392 354 Thomas
1420 320 1672 364 priuatusque

341 372 501 416 retinuit,
521 380 709 420 tamquam
728 387 797 420 que
813 380 849 411 et
865 376 959 411 inter
976 388 1015 411 se
1035 378 1258 422 respondere
1276 377 1436 411 Velleius
1455 377 1621 412 uoluerit.

392 432 519 466 Unum
554 433 665 467 habet
698 434 734 468 A
766 445 838 479 quo
879 434 1063 479 discrepet
1104 446 1186 468 curn
1229 435 1272 478 P,
1301 434 1468 469 additum
1509 446 1554 468 ne
1589 441 1673 479 post

341 489 488 534 legione.
549 491 634 524 Hoc
657 503 702 525 ex
731 503 833 525 mera
860 491 1108 535 geminatione
1141 493 1303 536 syllabae
1331 499 1451 526 ortum
1479 491 1674 526 uidebatur

344 547 494 581 Orellio.
547 548 620 582 Sed
639 556 762 593 potest
786 549 895 583 etiam
921 550 992 584 alio
1019 550 1164 584 ducere.
1216 550 1314 594 Quid
1340 550 1367 584 si
1394 550 1495 584 Iocus
1515 549 1567 584 sic
1586 561 1673 584 con-

343 604 550 640 stituendus
578 606 652 640 sit?
700 608 954 641 tantummodo
977 611 1168 641 contentus
1190 619 1266 641 una
1290 608 1432 653 legione
1452 607 1605 641 titulum
1629 619 1674 640 ne

343 664 519 697 retineret
541 665 771 708 prouinciae,
803 666 1053 709 priuatusque
1082 666 1121 698 in
1156 665 1279 698 urbem
1314 667 1466 703 ueniret,
1497 669 1533 698 et
1563 676 1600 698 se
1633 666 1673 698 in

336 722 515 765 petitione
531 723 745 756 consulatus
761 723 955 767 szff'agiis
968 723 1012 756 P.
1027 723 1071 755 R.
1085 723 1331 764 cmnmz'tteret,
1350 724 1547 757 decreuere.
1600 722 1672 756 Hic

342 790 424 812 cum
440 786 522 823 post
537 784 727 813 contentus
741 779 984 813 omittendum
1004 785 1081 813 erat
1096 791 1104 821 3
1131 779 1283 813 titulum
1298 792 1342 813 ne
1356 780 1489 825 (potius
1504 791 1615 825 quam
1630 791 1675 813 ne

339 836 511 879 titulum)
531 838 706 870 retineret
724 836 859 881 pariter
877 847 920 870 ac
939 838 1083 870 ueniret
1097 863 1104 870 .
1121 863 1129 870 .
1145 864 1152 871 .
1172 839 1409 871 committeret
1425 838 1674 871 scribendum.

392 903 444 937 50
467 904 479 927 1
512 895 560 928 At
590 895 729 928 Caesar
756 894 922 928 Domitio
952 894 1231 938 legionibusque
1259 895 1394 928 Corfini
1423 907 1496 929 una
1521 907 1602 929 cum
1631 907 1674 929 eo

341 951 487 986 fuerant
506 951 644 996 potitus
670 952 762 986 duce
789 952 944 997 aliisque
971 952 1029 997 qui
1057 958 1233 986 uenerant
1259 952 1360 987 abire
1385 954 1433 987 ad
1459 953 1672 998 Pompeium

342 1009 421 1043 sine
446 1009 626 1043 dilatione
645 1009 819 1043 dimissis.
838 1010 888 1044 A.

389 1067 668 1112 legionibusque
689 1067 825 1101 Corfini
845 1079 938 1113 quae
957 1080 1029 1102 una
1048 1068 1092 1102 P.
1189 1074 1366 1102 uenerant
1385 1070 1494 1102 etiam
1513 1069 1556 1102 P.

393 1126 593 1169 Postquam
620 1125 789 1160 Baiterus
820 1126 1037 1160 emendarat
1062 1127 1338 1171 legionibusque
1362 1138 1465 1171 quae,
1485 1133 1674 1171 tamquam

344 1183 483 1216 omisso
512 1194 607 1227 quae
636 1190 785 1227 propter
814 1184 1038 1218 antecedens
1062 1195 1140 1228 que,
1169 1196 1298 1218 omnes
1325 1184 1491 1218 certatim
1519 1184 1556 1218 id
1578 1195 1674 1218 rece-

340 1247 484 1284 perunt,
499 1241 666 1275 ordinem
683 1241 743 1285 qui
763 1241 799 1275 in
818 1243 853 1275 P
870 1248 925 1276 est
943 1242 1217 1286 legz'am'busque
1231 1243 1372 1286 Cmfim'
1387 1254 1481 1287 quae
1498 1253 1574 1276 una
1592 1253 1674 1276 cum

341 1300 546 1344 eosnercmt
559 1299 809 1343 repudiarunt.
836 1299 959 1343 Atqui,
980 1299 1303 1344 palaeographiam
1323 1300 1351 1334 si
1368 1300 1540 1345 excipias,
1554 1306 1675 1334 cetera

341 1368 408 1401 pro
443 1357 514 1390 hoc
549 1357 671 1401 potius
711 1363 818 1391 stant.
884 1358 1026 1401 Corfini
1060 1358 1157 1392 enim
1190 1359 1224 1391 in
1261 1358 1442 1403 principio
1471 1358 1674 1393 sententiae

342 1414 465 1459 posuit
491 1415 535 1449 V.
563 1415 652 1448 dum
680 1415 779 1459 cupit
806 1415 930 1449 statim
953 1415 1116 1450 indicare
1140 1428 1184 1450 ex
1207 1416 1288 1450 loco
1314 1416 1375 1450 ubi
1401 1416 1557 1458 fuerant,
1584 1427 1675 1461 quas

345 1472 527 1517 significat
554 1473 740 1517 legiones:
769 1481 898 1519 estque
925 1475 994 1507 hoc
1021 1480 1097 1508 tam
1125 1486 1168 1508 ex
1191 1474 1459 1508 consuetudine
1484 1474 1675 1508 latinitatis

342 1537 381 1564 ut
397 1542 470 1564 non
487 1543 508 1565 a
523 1531 707 1565 Rhenano
727 1531 778 1565 sic
798 1531 983 1566 inuectum
1003 1531 1182 1574 uideatur,
1203 1533 1267 1566 sed
1286 1544 1380 1576 quae
1398 1544 1485 1566 casu
1498 1532 1675 1566 omissum

341 1589 388 1623 ab
417 1589 679 1622 Amerbachio.
740 1594 929 1631 uenerant,
962 1600 1028 1633 pro
1053 1601 1126 1634 quo
1153 1590 1315 1634 plerique
1341 1590 1518 1634 scripsere
1549 1590 1675 1624 uolue-

343 1650 441 1686 rant,
455 1646 599 1680 facilius
619 1646 654 1680 in
673 1651 922 1680 conuenerant
938 1646 1138 1680 refinxeris.
1165 1647 1260 1681 Vide
1274 1647 1463 1691 Ceorgesii
1482 1647 1639 1681 Lexicon
1654 1647 1675 1680 i.

346 1713 435 1748 1554
469 1704 529 1737 ubi
566 1705 658 1738 haec
701 1711 882 1738 structura
919 1704 1031 1746 uerbi,
1067 1715 1140 1749 qua
1174 1704 1343 1739 homines
1379 1704 1604 1738 conueniunt
1638 1704 1674 1738 in

342 1762 481 1807 aliquid
495 1762 717 1803 faciendum,
735 1762 971 1796 confirmatur
989 1773 1032 1796 ex
1053 1762 1203 1803 Iustino,
1217 1762 1375 1806 Hygino,
1391 1770 1426 1796 et
1440 1762 1674 1796 iuridicorum

343 1819 506 1864 scriptis:
536 1819 591 1853 sin
617 1831 661 1853 ea
687 1819 808 1853 minus
827 1820 969 1854 Velleio
991 1819 1125 1854 idonea
1149 1820 1353 1863 habebitur,
1379 1821 1495 1855 scribe
1519 1820 1674 1865 qubus

343 1876 594 1921 con]uenerat.

391 1945 479 1979 524
504 1935 591 1969 illud
624 1935 829 1969 notandum
862 1941 917 1969 est
951 1942 989 1970 ut
1023 1935 1180 1979 primum
1217 1937 1257 1970 C.
1293 1937 1431 1970 Caesar
1460 1936 1673 1970 inclinatam

344 1993 435 2027 uidit
466 1992 773 2037 Pompeianorum
799 1993 917 2027 aciem
945 2004 1062 2037 neque
1089 1993 1189 2038 prius
1215 2005 1335 2038 neque
1362 1993 1547 2039 antiquius
1573 1993 1674 2038 quic-

344 2062 456 2095 quam
476 2050 604 2084 habuit
623 2061 733 2095 quam
753 2050 788 2083 in
814 2062 942 2085 omnes
961 2057 1081 2095 partes
1104 2058 1141 2085 ut
1163 2051 1310 2085 militari
1336 2052 1447 2086 uerbo
1465 2058 1500 2086 et
1520 2062 1674 2086 consue-

345 2108 471 2142 tudine
490 2114 572 2142 utar
588 2107 797 2142 dimitteret.
817 2108 866 2142 Α.

390 2172 425 2200 et
444 2167 556 2200 uerbo
574 2172 610 2200 et
627 2177 656 2200 c.
675 2166 719 2200 P.

393 2224 503 2268 Quod
522 2224 684 2268 plerique
703 2230 788 2257 ante
806 2235 866 2257 me
884 2223 944 2268 qui
963 2223 1118 2266 fuerunt,
1132 2224 1314 2258 sincerum
1336 2230 1419 2258 sunt
1437 2223 1612 2266 arbitrati,
1631 2224 1672 2257 in

344 2294 476 2322 omnes,
496 2282 532 2316 in
550 2293 594 2316 eo
612 2281 801 2315 laborasse
822 2281 1108 2315 Murbacensem
1127 2293 1219 2316 reor.
1257 2283 1355 2315 Nam
1372 2281 1529 2316 Kritzius
1548 2281 1671 2315 multis

344 2340 434 2373 locis
463 2339 657 2384 praecipue
684 2350 727 2372 ex
759 2338 927 2373 Caesaris
960 2340 999 2372 B.
1021 2340 1064 2373 G.
1097 2339 1217 2373 allatis
1248 2339 1308 2373 ubi
1335 2341 1376 2373 in
1401 2350 1524 2373 omnes
1542 2342 1673 2384 partes

343 2398 492 2431 dsmzlvsz'
523 2397 694 2431 dicuntur
732 2397 842 2431 modo
881 2396 1015 2431 milites
1056 2397 1111 2430 uel
1149 2396 1283 2431 auxilia
1322 2397 1518 2441 legionum,
1558 2396 1672 2430 modo

343 2455 472 2498 nuntii,
501 2456 611 2489 modo
640 2455 897 2500 speculatores,
922 2461 1115 2489 contentus
1147 2455 1199 2490 sic
1233 2455 1321 2489 satis
1353 2455 1484 2489 fecisse
1522 2454 1670 2489 militari

980 2520 1039 2552 162
