1799 2864
640 192 845 230 VELLEI
876 192 1192 231 PATERCVLI

256 304 315 342 Ti.
340 303 529 343 Claudius
550 305 657 342 Nero
677 302 890 353 praetorius
911 310 949 341 et
972 301 1157 352 pontifex,
1179 301 1238 339 Ti.
1262 299 1438 340 Caesaris
1459 308 1577 350 pater,

256 369 386 418 magni
407 369 465 407 uir
484 368 605 406 animi
626 374 646 407 †
661 367 956 417 doctissimique
983 367 1136 417 ingeni:
1167 366 1206 405 id
1227 380 1385 416 quoque
1405 367 1578 404 aduentu

219 448 234 469 2
256 433 433 474 Caesaris
476 435 672 483 sepultum
719 442 836 482 atque
874 432 1093 471 discussum
1133 440 1200 470 est.
1278 431 1364 481 quis
1402 432 1579 469 fortunae

256 499 503 546 mutationes,
543 498 630 548 quis
677 498 819 538 dubios
867 512 993 536 rerum
1032 499 1291 535 humanarum
1331 509 1442 534 casus
1490 495 1580 533 satis

256 565 382 603 mirari
413 567 559 615 queat?
603 563 689 614 quis
720 577 799 602 non
830 563 984 602 diuersa
1012 562 1281 613 praesentibus
1311 560 1581 609 contrariaque

219 645 236 675 3
257 630 488 680 exspectatis
509 638 575 668 aut
596 637 723 679 speret
747 637 813 666 aut
834 628 996 666 timeat?
1054 627 1176 674 Liuia,
1200 626 1432 666 nobilissimi
1453 634 1490 664 et
1510 627 1582 664 for-

256 694 393 733 tissimi
425 694 496 732 uiri
530 693 646 732 Drusi
679 692 887 732 Claudiani
918 691 1006 739 filia,
1037 705 1188 741 genere,
1221 691 1424 741 probitate,
1458 691 1582 728 forma

257 762 526 798 Romanarum
547 757 866 803 eminentissima,
888 770 1006 806 quarn
1033 765 1169 806 postea
1189 756 1395 805 coniugem
1417 754 1583 804 Augusti

256 824 438 871 uidimus,
472 837 590 873 quam
629 821 853 871 transgressi
886 823 936 859 ad
968 823 1064 860 deos
1098 823 1340 859 sacerdotem
1374 834 1419 858 ac
1450 820 1580 866 filiam,

257 897 339 926 turn
360 888 511 937 fugiens
532 901 623 925 mox
643 886 760 924 futuri
781 885 839 924 sui
861 885 1037 925 Caesaris
1063 899 1171 923 arma
1195 898 1241 923 ac
1265 898 1403 922 manus
1430 884 1581 922 bimum

257 955 362 991 hunc
393 952 596 990 Tiberium
628 953 848 997 Caesarem,
879 950 1078 989 uindicem
1112 949 1282 998 Romani
1316 949 1452 999 imperi
1485 950 1584 986 futu—

257 1032 422 1067 rumque
460 1017 637 1055 eiusdem
677 1015 853 1055 Caesaris
888 1015 1022 1061 filiurn,
1062 1022 1217 1065 gestans
1256 1013 1354 1060 sinu,
1390 1026 1458 1062 per
1496 1012 1584 1050 auia

258 1084 439 1122 itinerum
471 1081 601 1120 uitatis
632 1080 800 1118 militum
826 1079 963 1129 gladiis
988 1092 1068 1117 uno
1089 1078 1312 1124 comitante,
1334 1091 1413 1126 quo
1434 1076 1583 1115 facilius

258 1150 517 1188 occultaretur
550 1148 651 1196 fuga,
684 1145 863 1195 peruenit
895 1146 946 1183 ad
980 1158 1085 1182 mare
1116 1151 1154 1182 et
1185 1157 1275 1182 cum
1310 1142 1394 1181 uiro
1426 1144 1584 1180 Nerone

258 1222 441 1265 peruecta
460 1213 499 1250 in
521 1211 691 1250 Siciliam
712 1218 780 1249 est.

185 1280 239 1327 76
314 1279 436 1327 Quod
473 1276 602 1315 alieno
641 1274 909 1314 testimonium
948 1275 1164 1320 redderem,
1200 1286 1247 1312 eo
1282 1286 1362 1311 non
1396 1271 1586 1310 fraudabo

258 1357 377 1382 auum
410 1355 553 1380 meum.
612 1340 758 1390 quippe
785 1340 829 1378 C.
853 1338 1037 1385 Velleius,
1059 1337 1362 1376 honoratissimo
1382 1336 1482 1374 inter
1501 1335 1587 1373 illos

259 1421 390 1447 CCCLX
411 1407 560 1446 iudices
580 1408 669 1444 loco
689 1419 712 1443 a
732 1406 804 1444 Cn.
825 1403 1015 1453 Pompeio
1036 1405 1170 1450 lectus,
1188 1402 1364 1441 eiusdem
1384 1401 1587 1450 Marcique

262 1473 371 1512 Bruti
391 1486 436 1511 ac
463 1471 522 1510 Ti.
547 1470 715 1509 Neronis
747 1470 964 1519 praefectus
990 1468 1154 1514 fabrum,
1177 1467 1236 1505 uir
1261 1466 1357 1504 nulli
1378 1467 1586 1511 secundm,

261 1539 300 1577 in
333 1537 551 1587 Campania
581 1536 755 1586 digressu
788 1533 956 1572 Neronis
987 1547 1010 1571 a
1041 1532 1220 1583 Neapoli,
1243 1532 1352 1571 cuius
1384 1532 1437 1570 ob
1463 1530 1589 1580 singu-

261 1606 380 1643 larem
402 1617 491 1641 cum
513 1615 560 1640 eo
584 1600 795 1639 amicitiam
827 1599 993 1649 partium
1025 1598 1179 1637 adiutor
1209 1599 1342 1644 fuerat,
1364 1596 1490 1646 grauis
1511 1596 1587 1633 iam

261 1678 387 1708 aetate
408 1677 446 1706 et
466 1680 628 1717 corpore
649 1679 782 1704 comes
803 1678 893 1702 cum
914 1677 998 1702 esse
1023 1677 1103 1701 non
1129 1671 1272 1713 posset,
1294 1661 1424 1711 gladio
1445 1674 1486 1699 se
1506 1660 1588 1710 ipse

261 1733 459 1773 transfixit.
518 1731 747 1769 inuiolatam
785 1730 972 1767 excedere
1012 1727 1125 1765 Italia
1166 1728 1310 1766 Caesar
1356 1738 1492 1776 passus
1538 1729 1594 1762 esl

263 1799 442 1839 Fuluiam
460 1799 740 1846 Plancumque,
760 1793 958 1833 muliebris
980 1795 1092 1843 fugae
1113 1792 1297 1831 comitem
1315 1807 1321 1830 ;
1352 1805 1442 1829 nam
1465 1790 1590 1829 Pollio

309 1913 322 1933 1
348 1902 416 1943 Ti]
439 1902 477 1932 T.
501 1900 572 1931 ΑΡ
585 1901 632 1930 bis
780 1910 799 1929 2
823 1898 876 1928 uir
894 1897 945 1928 P:
984 1897 1045 1927 uiri
1062 1896 1129 1927 BA
1232 1895 1483 1934 doctissimique
1502 1893 1590 1924 AP:

264 1946 508 1984 rectissimique
520 1944 682 1984 Madmg:
706 1953 789 1973 num
802 1941 994 1972 lectissimi?
1062 1940 1189 1979 ingenii
1205 1939 1276 1969 ΑΡ
1361 1940 1382 1968 6
1405 1937 1591 1977 expectatis

1526 1989 1540 2005 C

263 2029 421 2064 suprascr.
440 2026 625 2061 expectans
642 2019 675 2050 A
794 2029 810 2058 7
837 2017 1002 2048 Calidiani
1019 2016 1129 2055 ABP,
1148 2027 1209 2048 em.
1229 2016 1338 2046 Burer
1442 2025 1482 2045 10
1503 2024 1592 2044 arma

263 2068 296 2098 A
315 2080 322 2098 z
346 2066 523 2097 arma*nus
537 2064 588 2094 P:
611 2073 618 2079 ·
630 2068 749 2102 avt-emp.
770 2066 827 2092 uel.
842 2063 885 2091 sic
899 2062 990 2091 lmbet
1007 2065 1042 2090 ut
1057 2060 1227 2100 legendum
1244 2060 1422 2089 exisfz‘mem
1437 2057 1591 2089 Caesaris

263 2122 367 2147 arma,
400 2110 494 2140 cuius
527 2108 651 2138 bimum
682 2107 771 2136 hunc
803 2105 972 2135 Tiberium
1005 2104 1182 2134 Caesarem
1212 2106 1271 2135 &e
1285 2103 1292 2113 '
1321 2103 1442 2133 Burer:
1483 2102 1591 2131 minus

264 2155 389 2185 bimum
406 2153 497 2183 Voss:
520 2150 677 2181 Caesaris
689 2160 807 2180 manus
819 2149 981 2179 Ruhnken
992 2159 998 2179 :
1017 2149 1172 2178 Caesaris
1186 2157 1278 2178 arma
1289 2157 1327 2177 ac
1339 2156 1455 2176 manus
1465 2145 1589 2184 scn'psi:

406 2204 485 2221 acma

254 2232 369 2271 fiaeerat
392 2240 483 2260 arma
506 2238 571 2259 nus
691 2237 726 2256 11
754 2226 898 2256 Tiberim
915 2224 948 2255 A
1040 2224 1170 2264 imperii
1187 2223 1257 2253 AF
1371 2233 1408 2253 12
1433 2222 1507 2252 sinu
1532 2230 1592 2260 per

265 2274 315 2305 P:
340 2274 367 2304 si
386 2283 494 2311 nuper
509 2271 542 2302 A
652 2281 690 2309 14
715 2270 792 2309 fuga
810 2280 883 2299 cum
901 2269 1057 2308 peruenit
1073 2268 1224 2307 iungebat
1241 2267 1278 2298 G.
1297 2265 1344 2297 A.
1361 2266 1450 2296 Koch
1554 2265 1593 2295 16

266 2329 307 2348 eo
327 2318 494 2348 Gelenius:
526 2325 601 2345 meo
617 2314 650 2344 A
669 2325 675 2344 :
700 2314 732 2344 in
752 2324 791 2344 eo
809 2313 842 2342 P
971 2322 1007 2350 17
1032 2311 1112 2341 Post
1126 2312 1201 2341 illos
1217 2320 1347 2341 erasum
1364 2314 1409 2340 est
1421 2308 1497 2339 inA
1517 2308 1591 2338 loco

270 2371 308 2400 19
332 2361 382 2392 Ti.
402 2359 550 2390 Neronis
565 2357 695 2388 Aldus:
729 2356 866 2387 Tironis
881 2355 914 2386 A
932 2367 939 2386 ε
972 2355 1120 2394 Tyronis
1135 2354 1168 2385 P
1317 2364 1358 2383 22
1382 2362 1494 2383 comes
1518 2361 1591 2382 cum

265 2405 394 2444 scn'psi:
419 2413 533 2434 comes
550 2401 603 2432 B:
628 2411 701 2431 cum
717 2400 806 2431 AP:
830 2410 904 2430 cum
928 2409 1040 2430 comes
1056 2398 1169 2429 Aldus
1269 2407 1306 2427 se
1323 2397 1396 2436 ipse
1412 2396 1522 2434 gladio
1545 2394 1591 2433 A,

267 2448 387 2478 additis
402 2449 424 2481 β
441 2451 540 2487 super
552 2455 590 2476 se
607 2446 693 2484 ipse,
709 2456 729 2474 α
744 2449 843 2485 super
856 2443 968 2483 gladio
1121 2451 1162 2480 23
1186 2445 1238 2472 est
1255 2440 1329 2472 add.
1351 2439 1486 2471 Cludius

908 2519 951 2551 90

1606 899 1644 920 10

1609 1547 1648 1569 20
