1799 2864
670 235 1100 274 PROLEGOMENA

214 349 265 386 ad
294 361 335 386 se
366 346 527 385 missum
558 360 581 384 a
610 345 825 384 monachis.
888 344 1112 383 Murbachii
1143 351 1246 382 certe
1283 357 1362 382 non
1396 356 1552 393 semper

216 419 342 456 codex
371 417 643 456 detinebatur:
677 417 894 454 Rhenanus
924 415 1030 453 enim
1057 428 1147 453 eum
1170 414 1363 453 Basileam
1395 414 1547 452 mitten-

218 489 314 526 dum
335 495 537 526 curauerat
558 501 605 526 eo
635 500 740 525 anno
767 500 846 536 quo
871 485 1087 535 principem
1115 485 1328 524 editionem
1354 484 1547 534 imprime-

217 559 293 597 bat.
354 558 550 597 Nimirum
592 558 820 607 apographo
863 570 943 594 non
991 563 1199 594 contentus
1247 557 1355 605 quod
1397 555 1546 593 amicus

206 635 466 679 properanter
500 637 618 679 atque
657 629 856 677 infeliciter
897 628 1152 677 descripserat,
1193 627 1332 665 iterum
1367 626 1545 665 codicem

214 708 282 738 aut
316 700 400 750 ipse
438 699 603 738 contulit
643 705 709 736 aut
749 697 813 735 alii
848 696 957 735 dedit
997 698 1280 735 conferendum
1294 696 1318 743 ¹,
1347 710 1475 746 neque
1506 697 1546 735 id

217 772 357 817 solum,
380 771 449 808 sed
470 783 537 807 eos
558 782 718 818 quoque
744 768 814 816 qui
823 766 1015 818 formulis
1032 768 1263 815 castigandis
1273 772 1489 816 praeerant
1505 768 1545 804 in

215 841 361 889 (fficina
400 841 642 878 Frobeniancz
680 845 786 887 saepe
817 838 965 875 monuit
1001 843 1045 874 ut
1076 842 1182 874 uetus
1214 839 1411 886 exemplar
1440 836 1491 887 (h.
1512 850 1543 874 e.

216 911 346 960 ipsum
376 910 555 949 codicem
587 906 909 958 Murbacensem)
935 921 1009 944 non
1039 908 1166 944 minus
1192 921 1307 956 quam
1336 909 1545 956 exemplum

218 981 270 1031 (h.
295 994 326 1019 e.
349 981 604 1030 apographon
634 979 742 1028 quod
768 992 791 1016 a
818 979 1014 1015 Rhenano
1043 975 1291 1027 acceperant)
1313 978 1544 1026 inspicerent.

220 1052 342 1100 Quod
362 1051 388 1088 ii
407 1064 498 1088 curn
525 1064 605 1088 non
626 1051 797 1087 facerent
827 1049 947 1097 magis
975 1053 1149 1085 curantes
1168 1053 1214 1084 ut
1235 1061 1350 1096 quam
1370 1048 1546 1096 primum

216 1123 344 1159 labore
376 1121 672 1170 dcficngerentur
701 1132 817 1168 quam
856 1123 901 1155 ut
931 1119 1027 1155 liber
1061 1119 1147 1154 bene
1179 1118 1340 1165 liaberet,
1379 1120 1546 1155 Burerus

217 1191 390 1241 quidam,
426 1189 676 1228 amanuensis
711 1188 766 1226 sic
801 1188 905 1226 enim
941 1187 1108 1226 dicitur2
1141 1187 1335 1234 Rhenani‚
1372 1190 1546 1225 uolumen

218 1263 315 1312 typis
343 1275 517 1299 excusum
546 1262 666 1298 denno
694 1273 775 1297 cum
803 1264 947 1296 uetusto
978 1258 1029 1309 (h.
1049 1271 1080 1295 e.
1112 1257 1365 1296 Murbacensi
1392 1257 1546 1308 codice)

216 1335 377 1371 contulit
391 1335 487 1382 plus
506 1346 621 1381 qnam
651 1332 858 1379 diligenter,
890 1331 996 1367 cicius
1024 1330 1133 1367 labar
1159 1334 1215 1366 est
1244 1330 1546 1367 emendationum

218 1406 339 1443 ternio
359 1405 464 1454 operi
480 1404 653 1441 adiectus.

273 1478 366 1514 Post
396 1477 587 1513 Burerum
614 1475 722 1511 nulla
748 1472 895 1511 codicis
927 1471 1201 1509 Murbacensis
1228 1470 1367 1509 notitia
1395 1471 1445 1508 ad
1475 1483 1547 1508 nos

218 1545 407 1595 peruenit,
430 1544 664 1592 uideturque
685 1544 826 1581 eodem
847 1543 927 1580 fato
948 1555 1041 1579 usus
1062 1555 1141 1590 quo
1161 1540 1226 1578 alii
1246 1540 1403 1579 codices
1420 1547 1548 1578 uetus·

218 1615 357 1653 tissimi
373 1616 442 1653 sed
460 1616 563 1652 lectu
584 1612 760 1651 difficiles
781 1611 936 1661 penitus
958 1625 1004 1649 ex
1024 1611 1147 1649 oculis
1168 1610 1375 1649 hominum
1396 1609 1546 1659 abrepti

218 1693 319 1724 sunt.
380 1686 572 1733 Exemplo
604 1683 651 1721 sit
684 1684 924 1732 archetypon
955 1681 1063 1728 illud,
1098 1695 1121 1719 a
1155 1680 1302 1730 Poggio
1336 1688 1544 1729 repertum,

218 1757 506 1795 Astronomicon
523 1754 673 1801 Manili,
690 1755 892 1792 Siluarum
907 1752 1003 1791 Stati
1018 1767 1028 1800 ,-
1052 1753 1160 1801 quod
1176 1765 1256 1790 non
1271 1751 1400 1788 minus
1414 1752 1548 1800 deper-

219 1827 345 1865 ditum
373 1827 553 1864 dolemus
583 1838 701 1874 quam
729 1825 835 1861 hunc
859 1825 909 1861 de
936 1836 1015 1872 quo
1045 1822 1206 1871 agimus,
1240 1821 1544 1859 Murbacensem

219 1897 346 1936 Vellei
375 1896 566 1942 codicem,
598 1895 779 1932 mutilum
810 1907 899 1932 eum
927 1893 1087 1943 quidem
1117 1906 1162 1930 ac
1192 1891 1378 1941 temporis
1408 1891 1547 1929 iniuria

219 1968 388 2018 pessime
404 1966 594 2013 habitum,
612 1965 817 2014 antiquum
838 1972 981 2010 tamen,
1005 1971 1042 2002 et
1069 1963 1099 2001 si
1122 1964 1242 2001 modo
1263 1962 1402 2000 iterum
1423 1962 1546 2011 possit

220 2037 381 2085 renasci,
418 2038 583 2075 multum
618 2049 663 2073 ex
697 2034 907 2073 eruditiore
939 2042 1072 2072 nostro
1104 2034 1260 2071 saeculo
1292 2040 1544 2082 accepturum

221 2109 318 2148 lucis
339 2122 477 2147 nouae.

263 2211 272 2228 ¹
298 2212 450 2251 Epistula
481 2211 641 2241 Rhe-nani
673 2210 714 2239 ad
747 2208 954 2248 Spalatinum
984 2207 1073 2238 edita
1098 2218 1117 2237 a
1146 2207 1311 2236 Fechtero
1340 2206 1401 2236 Die
1426 2205 1547 2235 Amer-

219 2263 549 2301 bacluscheAbsclzrfft
564 2262 617 2292 des
632 2260 766 2291 Velleius
781 2260 978 2298 Paterculus,
993 2259 1100 2299 Basel,
1119 2260 1211 2297 1844,
1226 2270 1256 2298 p.
1273 2269 1313 2298 42
1324 2259 1435 2289 Entt'st'
1448 2264 1552 2298 nuper

224 2317 387 2347 Vellaeum
405 2319 566 2355 utcunque
587 2315 788 2354 castigatum.
814 2314 855 2343 In
875 2324 938 2353 quo
956 2312 1220 2351 multumsalsus
1235 2323 1321 2351 sum,
1340 2311 1429 2350 quod
1441 2321 1546 2341 arem-

214 2369 294 2409 plar
303 2368 492 2407 fidelissime
518 2367 709 2406 descriptum
740 2366 926 2406 arbitrabar,
949 2376 1023 2395 cum
1039 2369 1205 2405 postrema
1230 2364 1287 2394 sed
1310 2364 1450 2394 nimium
1475 2374 1545 2393 scra

217 2420 338 2450 collatio
354 2420 477 2449 librarii
488 2419 689 2448 osc-[tantiam
706 2422 833 2458 arguat.

262 2473 273 2490 ²
298 2472 335 2502 In
354 2472 469 2502 eadem
489 2471 641 2511 Epistula
658 2471 699 2502 ad
719 2471 938 2510 Spalatinum.

871 2541 893 2561 X
