1799 2864
574 189 1030 228 COMMENTARIVS
1060 190 1322 228 CRITICVS

332 301 392 334 116
409 309 431 342 4
457 300 583 333 Nerua
608 298 764 334 Silianus
793 301 831 334 P.
851 299 929 335 Silii
955 300 1048 334 filius
1075 312 1183 345 quem
1209 300 1327 334 uirum
1354 311 1399 334 ne
1423 300 1485 345 qui
1509 299 1608 335 intel-

286 356 371 390 lexit
396 356 544 401 quidem
568 357 714 391 abunde
742 357 893 392 miratus
917 364 971 392 est
998 369 1056 392 me
1085 360 1112 401 t?
1133 358 1204 401 ine)
1233 358 1322 392 nihil
1349 369 1421 392 non
1449 356 1608 402 optimos

288 414 367 458 (sic)
388 414 478 448 ciuis
497 413 768 459 simplicissimo
786 415 867 449 duci
889 415 1042 459 perisset
1060 416 1270 460 praeferens
1288 415 1338 450 A.

334 483 380 506 ne
406 471 493 505 nihil
523 472 660 516 optimo
691 472 770 515 ciui,
798 472 1063 517 simplicissimo
1092 473 1175 507 duci
1205 472 1371 517 perisset,
1398 472 1610 517 praeferens

287 531 330 570 P,
349 530 414 563 sed
428 531 554 564 Burer
569 530 767 564 aduolauit
784 531 792 548 ‘
807 542 859 565 ex.
879 539 948 565 uet.
968 532 1090 574 habet,
1109 543 1154 565 ne
1172 531 1259 565 nihil
1277 543 1351 565 non
1369 531 1507 576 optimo
1529 530 1609 573 ciui,

286 587 553 632 simplicissimo
572 588 654 622 duci
673 588 846 632 perisset!

336 646 377 678 In
398 645 635 679 Murbacensi
661 646 769 680 fuisse
795 657 840 678 ne
865 645 922 679 uel
947 656 1007 679 me
1032 651 1118 680 ante
1144 645 1251 685 nihil,
1271 652 1354 690 post
1380 645 1482 679 nillil
1498 645 1609 680 fuisse

285 714 370 745 mm,
405 715 448 737 ex
481 703 699 737 testimoniis
733 703 934 737 coniunctis
974 703 1098 737 Bureri
1138 710 1174 737 et
1206 703 1442 738 Amerbachii
1483 711 1611 738 contra

288 760 507 794 Rhenanum
526 760 714 795 euincitur.
750 762 830 794 Hos
845 760 951 803 igitur
969 768 1125 803 secutus,
1141 760 1282 795 reiectis
1297 772 1391 806 quae
1407 762 1610 795 Rhenanus

285 818 409 860 edidit,
428 819 549 852 locum
575 818 626 852 sic
652 818 801 862 refingo,
820 820 859 851 in
885 818 954 861 e(0)
985 818 1085 851 nillil
1107 829 1181 851 non
1203 820 1338 863 optimo
1361 820 1445 861 ciui,
1465 820 1610 863 simpli-

284 878 426 910 cissimo
443 876 530 909 duct
547 878 762 921 (susperesse
776 876 1000 920 praeferens.
1041 876 1108 910 Illa
1123 887 1167 909 7ze
1183 878 1251 920 qui
1264 877 1449 910 intellexit
1464 877 1610 920 quidem

285 934 428 967 abunde
445 935 606 967 nu'ralus
622 937 674 966 est
690 934 736 967 de
755 933 930 977 scriptore
949 933 1110 977 quodam
1128 944 1202 967 non
1225 933 1415 967 nominato
1433 933 1612 978 interpre-

285 998 352 1033 tor,
379 991 439 1036 qui
467 991 590 1026 Siliani
617 1002 736 1025 mores
771 998 806 1025 et
837 991 1038 1025 admiratus
1071 997 1150 1025 erat
1184 997 1219 1025 et
1249 991 1384 1035 scripto
1413 991 1534 1036 aliquo
1561 991 1611 1026 sic

285 1049 522 1091 collaudarat‚
542 1055 579 1082 ut
597 1049 829 1093 profiteretur
846 1048 881 1082 in
905 1060 948 1082 eo
967 1048 1054 1082 nihil
1079 1060 1152 1082 non
1171 1059 1363 1092 superesse
1382 1048 1457 1082 siue
1475 1048 1612 1092 optimo

285 1106 363 1147 ciui,
383 1106 459 1140 siue
483 1106 566 1139 duci
589 1105 868 1150 simplicissimo.
909 1108 1094 1150 superesse
1111 1105 1162 1140 sic
1180 1112 1396 1150 usurpatum
1419 1112 1475 1140 est
1498 1114 1573 1150 125.
1592 1113 1609 1149 5

284 1165 323 1197 in
357 1175 502 1197 summa
530 1166 621 1207 pace
652 1167 687 1196 et
718 1165 838 1207 quiete
870 1164 1063 1206 continuit,
1097 1175 1179 1196 cum
1205 1165 1240 1196 ei
1256 1165 1382 1208 pietas
1410 1165 1612 1198 rectissima

284 1222 468 1256 sentiendi
479 1226 512 1255 et
525 1224 729 1256 auctoritas
746 1233 839 1265 quae
851 1222 1028 1255 sentiebat
1044 1222 1232 1255 obtinendi
1242 1224 1455 1266 superesset.
1499 1223 1612 1256 Vtro-

285 1292 354 1324 que
373 1281 451 1314 loco
470 1287 524 1314 est
543 1280 562 1315 i.
581 1291 613 1324 q.
632 1280 779 1314 abunde
805 1286 999 1324 suppetere
1024 1287 1059 1313 et
1086 1280 1180 1314 ultra
1206 1291 1318 1324 quam
1343 1291 1400 1314 res
1426 1280 1613 1324 poscebat.

286 1339 508 1384 Praeferens
535 1345 624 1383 puto
654 1349 734 1372 esse
762 1337 781 1371 i.
800 1350 834 1382 q.
870 1337 1088 1382 praedicans
1116 1339 1173 1372 uel
1204 1338 1417 1381 adfirmans,
1449 1345 1487 1372 ut
1514 1338 1614 1383 apud

286 1398 513 1431 Frontonem
541 1408 574 1440 p.
594 1405 636 1439 72
664 1397 698 1430 N
704 1397 793 1430 aber
812 1396 986 1441 praefers
1010 1397 1235 1430 Faustinam
1263 1396 1304 1430 id
1324 1396 1393 1430 tibi
1416 1408 1489 1429 esse
1516 1396 1618 1440 quod

285 1457 400 1489 lucem
433 1466 609 1497 serenam,
641 1454 742 1498 quod
773 1454 868 1487 diem
894 1455 1049 1499 festum,
1083 1454 1185 1498 quod
1213 1457 1312 1498 spem
1347 1456 1612 1499 propinquam,

285 1514 385 1558 quod
414 1518 541 1547 uotum
575 1515 825 1557 impetratum.
877 1512 1066 1555 ‘Silianus,
1102 1524 1124 1546 a
1157 1524 1243 1546 man
1277 1513 1398 1546 whom
1433 1524 1523 1547 even
1557 1512 1614 1546 his

286 1578 381 1606 most
413 1571 611 1615 intelligent
643 1571 801 1605 admirer
830 1571 892 1604 did
923 1577 986 1604 not
1017 1571 1136 1615 praise
1170 1571 1400 1615 adequately‚
1433 1572 1538 1605 when
1568 1571 1614 1605 he

286 1629 451 1664 asserted
469 1630 548 1663 that
568 1630 613 1663 he
640 1629 837 1673 possessed
863 1629 897 1662 in
922 1640 1022 1663 more
1040 1630 1131 1662 than
1149 1629 1328 1663 sufficient
1346 1629 1480 1672 degree
1504 1640 1614 1672 every

286 1688 434 1733 quality,
470 1688 632 1722 whether
673 1699 714 1721 as
749 1699 795 1721 an
829 1688 1003 1722 excellent
1037 1687 1161 1722 citizen
1197 1699 1238 1722 or
1270 1699 1292 1721 a
1326 1687 1614 1731 single—hearted

286 1746 454 1790 general!

336 1804 445 1847 Quod
463 1802 492 1836 si
510 1802 591 1847 quis
609 1809 717 1846 neget
735 1804 774 1835 in
792 1813 831 1835 eo
849 1802 907 1836 uix
924 1803 990 1836 sub
1009 1803 1068 1835 ine
1087 1802 1143 1836 uel
1161 1814 1217 1835 me
1234 1802 1347 1835 latere
1367 1812 1485 1845 posse,
1506 1801 1615 1845 idque

286 1860 389 1894 aliter
406 1859 603 1904 explicarit,
623 1860 694 1893 hoc
713 1859 859 1904 quidem
879 1870 952 1893 non
970 1871 1115 1893 morose
1140 1859 1408 1901 concesserim;
1437 1857 1615 1903 reliquam

287 1926 427 1963 partem
446 1917 710 1952 emendationis
730 1929 803 1951 non
821 1917 949 1952 abicio.

335 1978 393 2010 118
413 1986 433 2009 2
459 1975 793 2020 frequentissimum
812 1974 951 2008 initium
970 1985 1051 2009 esse
1070 1973 1289 2008 calamitatis
1309 1974 1523 2008 securitatis.
1542 1974 1591 2008 A.

335 2033 567 2068 securitatem
585 2033 628 2067 P.

335 2092 486 2126 Vtinam
523 2090 581 2125 hic
614 2102 720 2125 suum
759 2089 1011 2124 testimonium
1052 2091 1166 2124 Burer
1199 2089 1416 2124 adiecisset:
1460 2101 1546 2123 nam
1581 2089 1615 2123 in

288 2148 584 2184 Amerbachiano
608 2148 822 2192 apographo
849 2147 971 2180 onmia
997 2147 1133 2181 incerta
1160 2154 1254 2182 sunt.
1283 2147 1356 2181 Sed
1375 2158 1467 2192 quae
1491 2158 1561 2190 ego
1580 2153 1616 2180 et

290 2209 329 2242 F.
352 2208 493 2242 Madan
513 2206 547 2240 in
565 2218 609 2240 eo
624 2206 820 2250 indagasse
836 2205 902 2239 uisi
919 2217 1054 2246 sumus,
1070 2212 1193 2239 tamen
1208 2206 1367 2249 eloquar.
1412 2204 1618 2249 Scripserat

290 2267 374 2300 Am.
387 2265 607 2305 securitatis,
620 2275 705 2297 mox
718 2265 768 2296 -is
782 2262 941 2304 inducto,
953 2264 1181 2296 securitatezs
1196 2274 1202 2296 :
1224 2262 1355 2296 deinde
1367 2262 1459 2296 haec
1471 2261 1617 2304 deleuit,

291 2322 543 2368 suprascripsit
572 2323 780 2356 securitatis
817 2332 860 2356 ><.
913 2322 1108 2366 Nusquam
1138 2320 1307 2365 equidem
1337 2332 1454 2365 neque
1485 2320 1519 2354 in
1542 2320 1616 2353 ullo

289 2381 442 2425 uestigio
460 2387 628 2425 poteram
653 2379 776 2414 uidere
802 2380 1044 2413 securitatem.
1096 2379 1306 2413 Haesitarat
1323 2380 1406 2413 Am.
1426 2385 1615 2423 tamquam

290 2440 325 2474 in
344 2440 518 2484 perplexa
536 2450 574 2473 re
590 2445 625 2472 et
645 2437 866 2472 inenodabili
881 2449 888 2472 :
919 2437 1030 2471 nihilo
1048 2437 1168 2471 minus
1184 2437 1281 2482 quod
1300 2437 1458 2482 primum
1474 2436 1615 2470 uiderat

927 2504 986 2544 184
