1799 2864
679 202 882 240 VELLEI
915 204 1231 244 PATERCVLI

259 321 277 352 6
297 313 580 362 oppugnationi
613 322 745 352 autem
780 315 998 354 Praenestis
1028 329 1074 354 ac
1106 317 1207 355 Mari
1245 318 1461 367 praefuerat
1495 319 1624 358 Ofella

299 377 512 424 Lucretius,
528 378 594 428 qui
608 392 697 416 cum
711 387 802 417 ante
818 380 1081 418 Marianarum
1095 381 1229 420 fuisset
1242 382 1410 432 partium
1427 384 1446 427 †
1455 392 1620 432 praetor,

295 443 347 480 ad
380 443 527 480 Sullam
562 445 826 493 transfugerat.
886 444 1110 482 felicitatem
1149 446 1237 493 diei,
1274 460 1353 496 quo
1387 447 1621 486 Samnitium

296 506 548 557 Telesinique
582 510 716 557 pulsus
747 516 805 547 est
836 509 1036 556 exercitus,
1071 511 1177 548 Sulla
1213 520 1401 561 perpetua
1439 514 1620 551 ludorum

295 571 527 610 circensium
548 573 756 611 honorauit
776 574 976 620 memoria,
994 574 1061 624 qui
1077 575 1150 613 sub
1165 576 1248 615 eius
1264 577 1424 616 nomine
1441 578 1622 616 Sullanae

295 636 492 675 Victoriae
513 638 767 676 celebrantur.

224 711 276 748 28
349 703 472 740 Paulo
492 710 582 740 ante
603 716 721 752 quarn
743 704 849 741 Sulla
871 705 922 742 ad
949 704 1211 754 Sacriportum
1242 706 1454 753 dimicaret,
1477 707 1622 756 magni-

295 766 377 804 ficis
398 767 553 816 proeliis
580 767 747 816 partium
774 768 857 806 eius
884 768 955 806 uiri
982 769 1153 807 hostium
1186 771 1395 809 exercitum
1427 773 1618 819 fuderant,

296 832 376 869 duo
397 831 549 869 Seruilii
575 833 681 881 apud
703 832 893 879 Clusium,
919 834 1103 872 Metellus
1131 834 1224 873 Pius
1247 837 1354 884 apud
1376 836 1618 883 Fauentiam,

258 912 272 933 2
296 897 351 933 M.
376 897 562 934 Lucullus
583 896 685 934 circa
706 897 937 935 Fidentiam.
996 898 1232 937 uidebantur
1256 899 1365 937 finita
1384 900 1475 938 belli
1496 900 1620 939 ciuilis

295 961 406 1006 mala,
430 974 520 998 cum
550 962 679 999 Sullae
713 961 942 1000 crudelitate
975 971 1090 1000 aucta
1120 971 1220 1002 sunt.
1280 963 1425 1014 quippe
1455 964 1621 1003 dictator

294 1033 444 1062 creatus
467 1025 593 1075 (cuius
621 1026 780 1064 honoris
810 1027 1010 1076 usurpatio
1036 1040 1106 1077 per
1124 1041 1250 1066 annos
1270 1041 1354 1066 CXX
1375 1028 1595 1068 intermissa
1611 1045 1621 1077 ,-

294 1103 385 1126 nam
416 1090 615 1138 proximus
649 1098 738 1140 post
775 1104 923 1129 annum
958 1105 1077 1142 quam
1113 1093 1317 1131 Hannibal
1350 1094 1463 1132 Italia
1493 1108 1621 1132 exces-

292 1162 402 1201 serat,
421 1154 477 1192 uti
497 1163 680 1204 appareat
700 1157 891 1205 populum
910 1158 1137 1195 Romanum
1158 1171 1273 1195 usum
1294 1158 1493 1197 dictatoris
1514 1160 1620 1197 haud

294 1227 401 1257 metu
435 1219 678 1258 desiderasse
716 1220 783 1258 tali
816 1234 895 1271 quo
929 1221 1122 1260 timuisset
1155 1222 1407 1273 potestatem)
1442 1223 1617 1273 imperio,
1663 1241 1681 1272 5

291 1298 364 1333 quo
390 1285 536 1334 priores
560 1287 611 1324 ad
642 1285 923 1324 uindicandam
955 1286 1133 1325 maximis
1160 1287 1340 1336 periculis
1366 1288 1530 1337 patriam
1560 1288 1620 1326 usi

291 1358 411 1396 erant,
452 1363 500 1388 eo
538 1351 579 1388 in
617 1350 841 1389 inmodicae
882 1351 1121 1389 crudelitatis
1164 1351 1361 1390 licentiam
1409 1366 1502 1391 usus
1549 1361 1617 1391 est.

254 1415 438 1465 3primus
476 1415 552 1462 ille,
591 1423 629 1453 et
667 1415 817 1453 utinam
855 1415 1027 1463 ultimus,
1067 1418 1289 1466 exemplum
1328 1417 1621 1466 proscriptionis

291 1480 453 1527 inuenit,
493 1488 535 1518 ut
573 1480 613 1518 in
652 1494 730 1530 qua
773 1480 931 1519 ciuitate
975 1481 1186 1531 petulantis
1231 1482 1387 1520 conuici
1430 1482 1619 1520 iudicium

338 1595 351 1614 1
379 1584 640 1624 oppugnationis
651 1583 722 1614 ΑΡ
779 1585 958 1624 praefuera
972 1586 1003 1615 Β
1090 1585 1275 1617 AffellaB:
1301 1585 1456 1616 AfellaA
1474 1598 1481 1617 ε
1506 1585 1619 1616 Asella

291 1627 344 1658 P:
363 1628 472 1658 Ofella
490 1638 607 1667 margo
623 1628 844 1659 Murbacensis
860 1633 934 1659 teste
952 1629 1060 1659 Burcr
1145 1640 1164 1659 2
1188 1633 1288 1659 antea
1304 1629 1337 1658 A
1358 1629 1427 1669 (sic)
1498 1629 1618 1659 Maria-

292 1682 410 1701 narum
426 1671 474 1702 P:
512 1672 717 1702 marinarum
734 1672 801 1702 BA
921 1678 1059 1712 praetor
1074 1672 1164 1703 AP:
1199 1673 1351 1712 proditor
1372 1672 1452 1702 Voss
1467 1684 1474 1704 :
1510 1673 1620 1703 fautor

291 1715 423 1745 Scriner
601 1725 619 1754 5
644 1716 702 1754 qui
730 1717 791 1746 sub
823 1716 897 1747 eius
927 1716 998 1746 AB
1026 1720 1055 1746 et
1085 1727 1202 1757 margo
1228 1715 1279 1746 P:
1326 1716 1448 1755 quibus
1483 1717 1555 1747 eius
1589 1716 1623 1746 P

292 1759 454 1797 Syllanae
470 1758 503 1787 A
566 1758 624 1790 del.
643 1759 801 1790 Heinsius
815 1764 844 1790 et
858 1759 972 1789 Haase
1059 1770 1080 1799 9
1104 1759 1226 1790 Seruili
1242 1764 1323 1799 aput
1341 1761 1390 1800 (-d
1408 1759 1450 1799 P)
1469 1760 1619 1790 Plusium

290 1801 361 1831 ΑΡ
447 1802 540 1842 Pius]
559 1802 635 1841 plus
652 1803 685 1832 A
838 1813 876 1834 10
895 1803 1082 1834 Fidentiam
1098 1803 1170 1833 ΑΡ
1254 1804 1351 1833 bellis
1372 1804 1405 1832 A
1425 1803 1481 1833 sed
1495 1814 1511 1834 s
1527 1814 1619 1833 erasa

294 1855 329 1875 11
357 1846 470 1876 Sullae
494 1846 545 1875 hic
564 1846 597 1874 A
702 1846 935 1877 crudelitatem
959 1847 992 1876 A
1083 1851 1182 1877 aucta
1204 1847 1251 1877 bis
1273 1847 1305 1876 A
1332 1846 1389 1877 sed
1408 1848 1507 1877 allero
1529 1857 1620 1877 eraso

293 1910 331 1930 12
355 1910 421 1930 cxx
446 1900 505 1931 A:
529 1896 607 1933 ξῖξ.
635 1900 669 1931 Ρ
800 1911 838 1941 13
862 1902 922 1931 fuit
945 1905 1022 1942 post
1037 1911 1108 1931 exc.
1126 1901 1199 1932 add.
1222 1901 1359 1931 Cludius
1479 1912 1517 1941 14
1541 1902 1618 1941 adp.

995 1948 1144 1970 c6t1nuisse

288 1976 360 2007 ΑΡ
423 1977 532 2018 haud]
547 1983 604 2009 aut
616 1984 706 2009 metu
720 1978 894 2009 desideras
905 1978 986 2008 tulio
1003 1978 1156 2009 cotimuis
1173 1988 1210 2008 se
1222 1977 1333 2016 (Tulio
1346 1978 1394 2008 Co
1409 1978 1562 2008 timuisse
1573 1977 1617 2018 P)

290 2026 496 2059 potestatem
509 2022 588 2060 ΑΡ,
606 2033 688 2062 quae
703 2022 841 2052 correxi:
875 2023 965 2052 haud
990 2022 1036 2051 ita
1059 2022 1272 2052 desiderasse
1298 2022 1346 2051 uti
1371 2022 1568 2052 extimuisse
1586 2032 1618 2061 p.

292 2064 424 2096 Gronov
457 2066 548 2097 obss.
585 2066 619 2096 ii.
655 2076 719 2104 23:
758 2066 840 2095 haut
878 2066 924 2096 ita
959 2066 993 2096 in
1027 2070 1116 2095 metu
1156 2064 1383 2102 desiderasse,
1411 2070 1448 2096 ut
1483 2066 1516 2095 in
1548 2066 1618 2095 otio

286 2108 441 2140 timuisse
458 2120 490 2149 p.
510 2110 683 2148 Ruhnken,
702 2112 731 2138 et
745 2109 790 2139 sic
803 2109 946 2149 Sauppe,
965 2108 1023 2138 sed
1042 2109 1162 2138 omisso
1184 2109 1217 2138 in
1235 2121 1241 2139 :
1269 2114 1304 2139 ut
1324 2109 1358 2138 in
1378 2113 1468 2139 metu
1486 2109 1617 2139 deside-

287 2160 384 2184 rasse
409 2153 455 2183 ita
476 2153 510 2183 in
529 2154 597 2183 otio
614 2153 764 2182 timuisse
782 2163 814 2191 p.
831 2152 962 2182 Halm:
990 2158 1026 2183 ut
1047 2153 1081 2182 in
1102 2157 1193 2182 metu
1216 2152 1441 2190 desiderasse,
1463 2153 1508 2182 ita
1527 2153 1618 2182 nullo

291 2207 332 2227 eo
351 2197 504 2227 timuisse
522 2196 638 2226 Novcik
751 2205 788 2234 15
812 2197 869 2226 tali
887 2206 954 2235 quo
972 2196 1023 2226 uel
1037 2206 1079 2231 ac*
1091 2206 1149 2236 ego
1223 2196 1365 2235 imperio
1382 2206 1500 2235 prores
1517 2195 1617 2234 (proh

291 2251 344 2270 res
370 2240 415 2281 P)
441 2241 482 2271 ad
509 2239 746 2270 uindicandam
774 2240 880 2278 (dum
904 2239 949 2277 P)
974 2239 1107 2270 maximi
1134 2239 1272 2278 periculi
1302 2239 1408 2278 spolia
1433 2239 1618 2269 musierant

290 2283 366 2323 ΑΡ,
397 2295 459 2315 em.
487 2284 634 2314 Gelenius
656 2287 685 2313 e!
708 2283 882 2321 Ruhnken,
908 2283 965 2313 sed
988 2286 1025 2312 ut
1047 2293 1150 2321 remp.
1177 2293 1216 2312 ex
1240 2283 1365 2322 poliam
1387 2283 1534 2321 elicerent,
1556 2288 1618 2322 pro

289 2338 354 2366 quo
380 2338 455 2357 cum
479 2327 627 2358 Scn'nero
654 2327 796 2366 patriam
825 2327 953 2357 malui:
991 2327 1033 2356 ad
1059 2326 1298 2356 uindicandum
1326 2337 1368 2357 m.
1398 2337 1428 2365 p.
1458 2326 1617 2365 populum

290 2381 319 2401 u.
349 2382 377 2401 e.
404 2372 551 2401 Laurent
716 2380 751 2408 17
778 2380 817 2400 eo
841 2370 1030 2401 inmodicae
1056 2370 1160 2408 (imm.
1185 2369 1231 2410 P)
1256 2370 1348 2401 crud.
1380 2369 1514 2400 licentia
1537 2368 1614 2407 ΑΡ,

287 2425 350 2445 em.
378 2414 535 2445 Cludius:
574 2424 615 2444 eo
646 2414 688 2444 ad
722 2414 740 2444 i.
776 2414 978 2445 Burmann:
1006 2413 1087 2452 sort.
1121 2414 1153 2443 in
1186 2424 1226 2444 eo
1257 2413 1278 2445 i.
1303 2423 1329 2445 c.
1361 2412 1497 2443 licentia
1527 2423 1557 2444 u.
1586 2423 1614 2444 e.

292 2459 330 2488 18
346 2464 466 2498 prostr.
486 2458 519 2487 A

930 2532 972 2573 46

1644 915 1682 936 10
