1799 2864
266 330 283 359 3

263 460 281 486 4

229 967 277 1002 32

691 208 894 245 VELLEI
925 208 1242 247 PATERCVLI

306 331 385 368 quo
425 319 583 357 decreto
621 332 746 368 paene
787 319 905 357 totius
942 326 1127 357 terrarum
1169 319 1272 358 orbis
1310 319 1516 369 imperium
1558 321 1626 359 uni

304 382 387 421 uiro
418 384 687 431 deferebatur,
724 385 794 422 sed
823 391 954 422 tamen
988 383 1092 422 idem
1125 385 1200 422 hoc
1229 392 1320 422 ante
1351 384 1553 423 biennium
1585 385 1624 423 in

306 448 361 485 M.
385 448 534 486 Antoni
554 456 733 498 praetura
759 449 960 486 decretum
987 456 1077 486 erat.
1137 450 1206 487 sed
1235 449 1431 487 interdum
1458 462 1625 498 persona

304 519 345 549 ut
372 514 552 562 exemplo
573 521 700 559 nocet,
723 512 776 550 ita
796 512 987 550 inuidiam
1007 521 1122 562 auget
1142 521 1209 551 aut
1229 515 1332 551 leuat
1349 529 1355 551 :
1387 513 1426 551 in
1447 514 1624 552 Antonio

303 576 482 614 homines
515 590 643 626 aequo
681 576 814 614 animo
848 576 951 625 passi
985 584 1119 623 erant3
1166 590 1250 615 raro
1288 577 1393 615 enim
1427 578 1625 617 inuidetur

301 654 435 679 eorum
481 641 707 687 honoribus,
750 654 917 690 quorum
957 640 1016 679 uis
1059 653 1139 678 non
1183 640 1362 680 timetur:
1410 650 1546 680 contra
1583 642 1623 681 in

301 704 345 743 iis
370 705 550 744 homines
577 704 879 743 extraordinaria
907 704 1171 752 reformidant,
1194 705 1261 754 qui
1291 720 1336 744 ea
1365 720 1436 745 suo
1464 707 1623 746 arbitrio

299 778 365 808 aut
394 770 608 819 deposituri
637 777 704 807 aut
732 769 917 807 retenturi
947 769 1131 807 uidentur
1159 777 1197 807 et
1223 771 1387 808 modurn
1417 771 1455 808 in
1486 773 1622 810 uolun-

299 844 375 873 tate
402 836 559 873 habent.
619 834 900 873 dissuadebant
929 833 1148 883 optimates,
1181 835 1250 872 sed
1279 834 1442 873 consilia
1470 835 1619 885 impetu

298 900 401 938 uicta
421 907 521 937 sunt.

352 965 481 1015 Digna
510 972 567 1003 est
596 964 785 1003 memoria
815 965 862 1013 Q.
887 964 1017 1004 Catuli
1046 977 1136 1002 cum
1165 963 1374 1002 auctoritas
1403 971 1486 1002 tum
1515 978 1621 1003 uere-

296 1030 449 1068 cundia.
509 1029 576 1079 qui
610 1043 699 1067 cum
734 1029 966 1068 dissuadens
1005 1030 1130 1078 legem
1169 1029 1208 1066 in
1243 1029 1428 1067 contione
1462 1029 1621 1068 dixisset

295 1108 379 1133 esse
400 1095 561 1144 quidem
582 1096 823 1144 praeclarum
843 1094 970 1132 uirum
992 1095 1064 1133 Cn.
1089 1094 1334 1143 Pompeium,
1357 1095 1427 1132 sed
1453 1094 1618 1132 nimium

295 1160 370 1197 iam
392 1160 535 1198 liberae
552 1159 633 1198 fieri
653 1159 707 1197 rei
727 1159 908 1209 publicae
929 1172 1057 1208 neque
1078 1159 1211 1197 omnia
1230 1159 1269 1196 in
1291 1172 1371 1197 uno
1391 1160 1619 1208 reponenda

293 1224 602 1274 adiecissetque:
635 1224 688 1263 ‘si
709 1224 805 1274 quid
831 1224 922 1262 huic
946 1224 1142 1271 acciderit,
1165 1237 1283 1273 quem
1310 1224 1349 1261 in
1376 1224 1458 1262 eius
1485 1226 1615 1262 locum

293 1291 576 1329 substituitis?'
611 1291 866 1329 succlamauit
899 1291 1082 1329 uniuersa
1115 1290 1259 1337 contio,
1295 1298 1344 1337 te,
1379 1291 1426 1338 Q.
1465 1291 1615 1329 Catule.

292 1365 375 1395 tum
396 1356 460 1395 ille
480 1356 607 1395 uictus
628 1370 824 1394 consensu
845 1356 1022 1394 omnium
1044 1366 1081 1394 et
1102 1365 1181 1394 tam
1209 1356 1427 1394 honorifico
1451 1355 1618 1394 ciuitatis

291 1422 517 1460 testimonio
538 1436 558 1460 e
583 1421 767 1460 contione
789 1421 976 1460 discessit.
1036 1421 1100 1459 hic
1126 1421 1297 1459 hominis
1325 1421 1615 1468 uerecundiam,

290 1486 426 1536 populi
459 1486 645 1524 iustitiam
679 1486 808 1524 mirari
841 1486 946 1533 libet,
980 1486 1106 1533 huius,
1140 1487 1248 1535 quod
1283 1499 1363 1524 non
1395 1487 1494 1523 ultra
1527 1499 1617 1524 con-

290 1551 425 1598 tendit,
448 1551 585 1601 plebis,
608 1553 717 1601 quod
737 1551 1031 1590 dissuadentem
1053 1559 1090 1589 et
1110 1551 1376 1589 aduersarium
1400 1550 1613 1589 uoluntatis
1639 1570 1651 1590 2

289 1630 381 1654 suae
410 1616 538 1654 uirum
568 1616 794 1655 testimonio
824 1617 1001 1654 fraudare
1031 1616 1166 1654 noluit.
1226 1629 1294 1665 per
1322 1615 1428 1654 idem
1458 1623 1613 1664 tempus

290 1682 407 1720 Cotta
420 1680 620 1719 iudicandi
634 1695 787 1728 munus,
806 1682 914 1730 quod
932 1682 974 1720 C.
993 1682 1193 1719 Gracchus
1207 1688 1383 1729 ereptum
1400 1680 1551 1718 senatui
1564 1681 1615 1718 ad

288 1745 449 1795 equites,
473 1747 580 1784 Sulla
603 1746 653 1783 ab
678 1745 751 1784 illis
777 1746 829 1783 ad
856 1753 1035 1784 senatum
1060 1746 1316 1791 transtulerat,
1339 1744 1553 1794 aequaliter
1573 1744 1612 1782 in

287 1818 496 1859 utrumque
535 1810 713 1849 ordinem
752 1810 913 1859 partitus
949 1818 1031 1857 est,
1087 1810 1195 1848 Otho
1228 1809 1396 1847 Roscius
1429 1810 1513 1859 lege
1544 1823 1614 1847 sua

332 1924 344 1943 1
371 1924 457 1953 quos
489 1906 515 1944 C
547 1913 602 1945 A:
641 1924 708 1953 quo
741 1918 879 1944 senatus
907 1913 1005 1944 COS.
1034 1912 1084 1944 P:
1124 1922 1189 1952 quo
1218 1913 1354 1943 decreto
1381 1913 1511 1952 scn’psi:
1546 1923 1613 1952 quo

285 1958 369 1988 scito
380 1958 503 1998 Sclzegk
536 1953 539 1957 ’
574 1968 662 1996 pene
677 1957 709 1986 A
782 1958 877 1988 osb-is
897 1962 1061 1987 terrarum
1080 1957 1169 1986 orbis
1186 1956 1218 1984 A
1354 1965 1373 1985 2
1398 1956 1612 1995 septennium

286 2002 414 2031 Krause
537 2011 556 2039 3
580 2001 706 2031 Antoni
723 2000 794 2030 ΑΡ
886 2002 932 2031 ita
949 2000 1006 2031 del.
1024 2000 1273 2030 anleinterdum
1296 1999 1329 2028 A
1449 2011 1468 2038 4
1485 2000 1560 2029 leua
1575 1999 1609 2028 A

286 2055 302 2083 7
335 2043 521 2083 extraord]
551 2044 689 2083 imperia
721 2044 796 2074 add.
829 2044 1017 2074 Mommsen
1126 2053 1162 2073 re
1191 2043 1372 2072 formidant
1402 2042 1435 2071 A
1590 2053 1611 2081 9

284 2089 455 2118 habolam
478 2088 605 2118 habent
626 2087 658 2116 A
688 2088 758 2125 (sic)
918 2098 953 2118 11
982 2087 1124 2126 Dignaq.
1156 2086 1188 2115 A
1349 2097 1386 2123 14
1411 2086 1494 2116 liber
1518 2090 1611 2116 aeret

286 2132 324 2171 B,
352 2132 488 2171 itemque
511 2131 556 2170 A,
583 2131 640 2161 sed
664 2134 699 2161 ut
730 2131 848 2160 litterae
872 2131 1010 2171 nigriore
1033 2133 1214 2160 atramento
1239 2132 1361 2177 postea.
1376 2130 1443 2160 sint
1469 2130 1610 2168 rvfictae:

284 2207 368 2238 liber
401 2198 481 2238 aere
508 2207 560 2238 P:
598 2207 724 2237 liberae
758 2207 829 2236 fieri
857 2207 969 2246 scm’psi
1066 2238 1069 2239 ⁷
1143 2206 1182 2236 16
1206 2181 1412 2243 substituatis
1436 2205 1494 2236 A:
1533 2206 1609 2236 sub-

282 2252 421 2282 stituitis
454 2251 506 2282 P:
546 2251 626 2290 fort.
662 2251 880 2281 substitutum
915 2251 969 2281 itis
1081 2249 1185 2280 subcl.
1221 2248 1292 2278 ΑΡ
1405 2249 1517 2279 contio
1550 2248 1609 2279 A:

282 2295 396 2325 concio
412 2294 446 2324 P
531 2299 596 2333 teq.
617 2294 649 2323 A
669 2306 675 2325 :
699 2299 732 2324 te
750 2293 789 2332 Q.
808 2293 841 2323 P
973 2293 1011 2324 18
1035 2293 1191 2323 contione
1209 2292 1240 2321 A
1259 2303 1266 2322 z
1295 2303 1387 2323 conc.
1407 2291 1440 2322 P
1567 2302 1606 2322 21

283 2348 363 2368 uero
396 2338 627 2369 testimonium
652 2338 698 2378 A,
728 2337 812 2367 unde
843 2337 980 2368 correxi:
1019 2347 1100 2366 uero
1130 2335 1321 2367 testimonio
1353 2335 1386 2365 P
1568 2345 1609 2374 23

281 2415 519 2445 transtulerant
541 2414 574 2444 P
657 2390 689 2446 Ξ
712 2410 808 2453 ᾳΤιΞΙ-ι·
831 2414 863 2443 Α
892 2414 961 2453 (3ιέ)
1051 2413 1083 2442 in
1107 2412 1163 2443 A:
1189 2411 1276 2442 inter
1291 2411 1324 2441 P
1451 2421 1491 2450 24
1517 2410 1609 2442 Otho

284 2458 427 2489 Roscius
444 2458 635 2489 Puteanus:
663 2463 698 2488 ut
717 2457 905 2488 Horoscius
921 2456 1010 2488 AP:
1036 2459 1043 2473 ⁶
1055 2456 1135 2486 alias
1153 2459 1183 2488 &
1203 2455 1389 2486 Horoscius
1401 2455 1408 2466 ’
1427 2454 1535 2485 Burer

923 2552 964 2584 50

1643 920 1681 942 10
