1799 2864
94 620 111 649 5

73 940 111 960 10

679 232 850 270 LIBER
881 232 900 270 Ι

132 342 324 382 Corintho
350 339 595 389 Athenisque
624 340 773 386 urbem,
796 339 1019 378 condidere.
1079 353 1125 378 ea
1153 348 1385 390 tempestate
1414 348 1451 380 et
1472 354 1488 383 3

131 407 247 457 Tyria
275 406 418 452 classis,
443 405 655 455 plurimum
684 406 837 454 pollens
867 404 974 452 mari,
996 404 1036 442 in
1066 405 1205 443 ultimo
1235 406 1451 455 Hispaniae

131 480 265 518 tractu,
298 469 370 523 [in]
401 478 573 508 extremo
603 469 724 508 nostri
754 469 858 508 orbis
890 469 1069 516 termino,
1095 469 1263 508 insulam
1293 470 1450 508 circum-

131 539 255 576 fusam
276 537 449 583 Oceano,
472 535 680 585 perexiguo
706 549 729 573 a
755 534 972 573 continenti
1002 534 1169 573 diuisam
1199 536 1307 582 freto,
1331 535 1452 573 Gadis

130 600 317 639 condidit.
376 601 426 639 ab
459 600 599 639 iisdem
637 607 726 650 post
759 613 907 650 paucos
940 613 1065 638 armos
1100 600 1138 637 in
1174 600 1306 637 Africa
1339 599 1451 637 Vtica

130 665 289 704 condita
315 673 382 704 est.
442 666 587 704 exclusi
613 666 663 704 ab
686 665 908 703 Heraclidis
931 665 1079 704 Orestis
1106 665 1217 703 liberi
1244 664 1453 714 iactatique

129 744 219 769 cum
240 731 356 770 uariis
380 731 534 770 casibus
558 739 641 769 tum
669 730 831 769 saeuitia
851 730 966 768 maris
994 730 1133 780 quinto
1163 729 1319 768 decimo
1348 743 1453 767 anno

130 797 264 835 sedem
285 810 424 846 cepere
444 796 546 835 circa
567 797 740 835 Lesbum
761 795 940 834 insulam.

183 863 287 900 Tum
309 862 473 901 Graecia
493 862 671 900 maximis
691 874 884 900 concussa
909 868 967 899 est
994 860 1177 899 motibus.
1237 859 1387 898 Achaei
1407 873 1452 898 ex
1471 873 1497 910 3

131 927 328 965 Laconica
355 927 458 977 pulsi
487 941 552 966 eas
581 939 823 976 occupavere
851 926 966 973 sedis,
989 939 1086 975 quas
1114 938 1220 963 nunc
1249 925 1452 964 obtinent:

130 991 281 1041 Pelasgi
297 993 473 1030 Athenas
490 991 808 1041 commigrauere,
823 1004 991 1041 acerque
1011 990 1103 1029 belli
1123 990 1276 1028 iuuenis
1293 989 1453 1028 nomine

129 1056 352 1102 Thessalus,
381 1056 540 1095 natione
569 1055 839 1105 Thesprotius,
867 1068 958 1093 cum
988 1068 1130 1105 magna
1158 1054 1305 1092 ciuium
1334 1067 1453 1091 manu

130 1133 216 1158 eam
237 1121 435 1170 regionem
456 1121 573 1160 armis
600 1121 820 1171 occupauit,
843 1134 945 1170 quae
971 1134 1077 1159 nunc
1103 1121 1153 1158 ab
1183 1120 1266 1158 eius
1293 1119 1454 1158 nomine

130 1185 333 1223 Thessalia
369 1188 597 1236 appellatur,
632 1193 723 1224 ante
763 1185 1060 1235 Myrmidonum
1094 1184 1266 1223 uocitata
1304 1184 1451 1222 ciuitas.

93 1265 109 1295 5
130 1262 210 1299 quo
239 1250 400 1288 nomine
429 1250 557 1289 mirari
591 1250 777 1289 conuenit
808 1263 886 1297 eos,
918 1250 986 1300 qui
1016 1249 1137 1288 Iliaca
1169 1257 1454 1298 componentes
1479 1261 1491 1282 2

131 1322 307 1363 tempora
334 1316 384 1353 de
410 1328 456 1353 ea
482 1315 639 1365 regione
668 1322 711 1353 ut
731 1314 935 1353 Thessalia
964 1321 1286 1352 commemorant.
1346 1314 1453 1363 quod

131 1392 221 1417 cum
234 1379 300 1417 alii
314 1380 468 1427 faciant,
483 1380 616 1430 tragici
632 1380 945 1430 frequentissime
961 1379 1119 1427 faciunt,
1135 1379 1278 1429 quibus
1292 1379 1454 1417 minime

130 1443 170 1481 id
199 1446 502 1482 concedendum
532 1452 617 1492 θεῖς
654 1444 751 1482 nihil
782 1444 887 1482 enim
922 1457 968 1482 ex
1001 1457 1169 1493 persona
1199 1450 1351 1492 poetae,
1384 1444 1454 1481 sed

129 1508 263 1546 omnia
296 1509 368 1546 sub
407 1522 553 1555 eorum,
590 1508 657 1558 qui
690 1508 756 1547 illo
790 1516 966 1558 tempore
1000 1508 1189 1555 uixerunt,
1227 1508 1451 1547 †dixerunt.

72 1589 86 1609 2
129 1575 238 1623 quod
265 1573 296 1611 si
321 1573 408 1623 quis
428 1587 451 1611 a
470 1575 662 1612 Thessalo
684 1573 868 1612 Herculis
889 1573 970 1611 filio
996 1586 1064 1611 eos
1089 1574 1306 1622 appellatos
1333 1573 1455 1610 Thes—

129 1639 231 1676 salos
252 1637 367 1685 dicet,
390 1639 593 1676 reddenda
613 1637 683 1676 erit
703 1637 738 1676 ei
758 1637 867 1684 ratio,
890 1651 958 1675 cur
984 1650 1201 1686 numquam
1228 1644 1319 1675 ante
1348 1638 1454 1675 hunc

128 1702 402 1752 insequentem
436 1704 671 1741 Thessalum
710 1716 756 1740 ea
788 1715 884 1751 gens
917 1701 958 1740 id
992 1701 1163 1740 nominis
1197 1701 1450 1751 usurpauerit.

128 1768 246 1815 paulo
265 1774 356 1805 ante
376 1768 522 1814 Aletes,
545 1774 674 1805 sextus
694 1767 745 1805 ab
766 1767 953 1813 Hercule,
977 1765 1167 1815 Hippotis
1187 1765 1300 1812 filius,
1319 1765 1455 1805 Corin·
1475 1781 1491 1810 3

129 1831 252 1876 thum,
275 1843 376 1879 quae
404 1838 521 1869 antea
546 1832 670 1869 fuerat
691 1831 859 1880 Ephyre,
882 1831 1048 1868 claustra
1070 1830 1335 1879 Peloponnesi
1364 1843 1455 1868 con—

92 1909 107 1939 5
128 1894 331 1942 tinentem,
364 1895 404 1933 in
439 1897 593 1933 Isthmo
627 1894 817 1933 condidit.
878 1908 1006 1944 neque
1041 1902 1099 1933 est
1130 1896 1239 1944 quod
1270 1894 1455 1933 miremur

128 1959 178 1997 ab
209 1961 389 1998 Homero
419 1959 613 1998 nominari
634 1959 870 1999 Corinthum
885 1974 896 2007 ς
924 1973 1016 1997 nam
1046 1973 1092 1997 ex
1121 1972 1289 2009 persona
1314 1966 1454 2008 poetae

129 2031 167 2062 et
196 2025 298 2062 hanc
324 2025 462 2063 urbem
490 2032 528 2063 et
557 2026 749 2074 quasdam
772 2026 915 2062 Ionum
945 2024 1121 2062 colonias
1151 2024 1196 2062 iis
1226 2023 1453 2062 nominibus

128 2090 308 2138 appellat,
338 2089 480 2139 quibus
509 2090 753 2128 uocabantur
781 2096 907 2128 aetate
937 2089 1031 2136 eius,
1063 2091 1188 2127 multo
1216 2096 1306 2138 post
1337 2088 1452 2126 Ilium

129 2161 287 2203 captum
318 2154 510 2193 conditae.

183 2218 445 2257 Athenienses
485 2219 525 2257 in
566 2220 730 2258 Euboea
768 2218 960 2258 Chalcida
996 2224 1033 2257 et
1069 2218 1259 2257 Eretriam
1303 2218 1453 2256 colonis
1473 2239 1491 2267 4

171 2332 192 2361 3
216 2322 249 2352 in
267 2321 324 2353 del.
340 2320 506 2352 Ruhnken
607 2321 751 2351 insulam
768 2320 906 2350 Iuntina
923 2332 930 2351 :
955 2320 1065 2351 insula
1080 2321 1114 2351 P
1240 2332 1259 2358 4
1284 2320 1409 2351 Gadeis
1425 2320 1457 2350 P

133 2375 172 2396 10
195 2366 296 2396 sedes
313 2365 346 2395 P
487 2366 527 2395 16
549 2365 637 2404 quod
655 2375 729 2395 cum
747 2364 801 2394 alii
818 2363 946 2394 faciunt
961 2370 1031 2394 tum
1048 2365 1166 2404 tragici
1183 2364 1453 2403 frequentissime

129 2409 288 2449 Pluygers
393 2419 433 2447 19
456 2409 574 2439 uixere
597 2408 711 2439 Heius.
804 2408 978 2438 disserunt
996 2408 1098 2438 Orelli
1207 2417 1248 2446 23
1271 2412 1389 2437 sextus
1404 2407 1452 2438 P:

130 2452 267 2491 quintus
279 2453 412 2491 Lipsius
493 2462 535 2491 30
551 2452 713 2483 Chalcida
727 2451 903 2492 (Chalcide
917 2452 1078 2482 nonnulla
1089 2451 1248 2492 exempla)
1261 2450 1453 2482 Erethriam

130 2495 169 2535 P,
189 2501 222 2526 et
239 2495 315 2526 add.
338 2495 486 2526 Gelenius

788 2566 806 2597 3
1246 2550 1288 2587 1*
