1799 2864
580 211 1008 248 PROLEGOMENA

134 325 227 365 Non
265 322 369 364 enim
406 332 554 362 ‘temere
592 323 729 360 uideor
767 329 991 360 autumasse
1031 322 1335 359 Amerbachiani
1368 335 1458 371 apo-

131 396 266 445 graphi
287 409 372 433 eam
394 394 564 443 speciem
587 406 671 431 esse
693 400 734 431 ut
755 393 794 430 in
816 406 957 442 magna
984 405 1111 430 rerum
1140 400 1264 441 strage
1293 392 1457 441 supersit

132 475 262 504 tamen
302 466 407 503 unde
447 464 573 502 Vellei
615 464 805 502 dissoluta
838 464 980 501 domus
1020 470 1202 511 resurgat.
1277 463 1457 501 Bentleio

129 544 232 574 certe
245 535 308 573 uix
324 535 413 573 licet
428 534 666 584 adstipulari,
685 533 752 583 qui
767 547 872 571 anno
892 545 989 582 1713
1007 532 1191 579 scribens,
1208 534 1455 570 Paterculum

129 620 217 643 cum
246 605 459 654 Hesychio,
489 612 698 654 utrumque
728 618 774 642 ex
803 617 883 641 uno
913 603 1050 641 codice
1077 604 1329 652 pendentem,
1352 616 1457 640 com-

127 676 298 725 parabat,
339 675 587 724 docebatque
635 682 692 712 tot
734 674 774 711 in
813 682 979 723 utroque
1018 673 1117 711 libro
1156 672 1322 711 inueniri
1362 673 1457 710 uitia

126 745 351 792 scribarum,
374 745 426 783 ita
450 745 533 783 sine
560 744 734 783 remedio
760 758 844 782 esse
865 744 1177 793 deprauationes,
1201 751 1253 790 ut,
1276 757 1366 781 cum
1388 757 1457 792 per

126 817 317 854 ducentos
337 829 462 853 annos
484 815 555 853 uiri
576 814 792 853 doctissimi
808 822 925 863 atque
946 813 1183 863 sagacissimi
1205 813 1319 851 crisin
1341 814 1379 851 in
1402 813 1457 851 eis

125 885 397 932 exercuissent,
430 893 559 923 essent
598 893 729 922 tamen
771 884 886 922 etiam
923 892 1005 922 tum
1041 897 1213 922 errorum
1253 884 1454 933 congeries

125 957 288 994 confusa
312 956 615 1005 uiderenturque
636 955 782 993 futuri¹.
848 957 899 992 At
920 968 1012 993 uero
1034 954 1244 1003 plurimum
1266 954 1305 991 in
1328 957 1455 992 Pater-

123 1027 212 1064 culo
255 1026 496 1064 restituendo
539 1034 575 1063 et
613 1033 704 1063 ante
743 1025 995 1063 Amerbachii
1034 1033 1234 1073 receptum
1274 1024 1452 1062 codicem

125 1095 398 1145 VVopkensius,
420 1095 592 1145 aequalis
616 1094 779 1142 Bentlei,
798 1102 835 1133 et
858 1095 1119 1132 Ruhnkenius
1135 1096 1394 1144 profecerunt,
1417 1103 1455 1132 et

124 1174 281 1215 recepto
302 1166 378 1204 iam
410 1166 547 1204 codice
577 1166 757 1213 Orellius,
792 1165 972 1212 Kritzius‚
1002 1165 1223 1212 Maduicus,
1255 1165 1450 1203 Halmius.

125 1237 210 1274 Nec
248 1244 380 1274 tamen
418 1236 573 1283 infitior,
610 1236 649 1274 id
688 1237 797 1285 quod
835 1250 881 1274 ex
919 1235 1113 1285 congestis
1153 1235 1191 1272 in
1231 1237 1290 1274 ed.
1331 1236 1449 1274 Kritz.

123 1306 466 1344 emendationibus
493 1305 684 1344 Paterculi
706 1305 820 1343 nimis
842 1313 899 1343 est
920 1305 957 1342 in
976 1307 1194 1354 propatulo,
1217 1319 1297 1343 non
1328 1320 1453 1355 pauca

123 1390 325 1425 superesse
346 1390 446 1426 quae
474 1385 514 1414 ut
545 1390 624 1414 non
642 1376 717 1414 sint
738 1376 979 1423 insanabilia,
1003 1384 1138 1414 sanata
1158 1384 1261 1414 certe
1290 1390 1313 1414 a
1342 1378 1451 1414 nullo

123 1448 312 1485 hactenus
342 1447 492 1485 fuerint.
555 1449 647 1485 Hoc
668 1454 725 1485 est
746 1461 813 1484 cur
834 1449 921 1484 Am.
945 1448 1200 1496 apographon
1223 1446 1291 1498 (A)
1318 1448 1450 1485 denuo

122 1517 398 1556 excutiendum
420 1518 669 1567 susceperim,
698 1517 909 1566 omniaque
931 1517 1022 1555 inde
1044 1517 1233 1555 enotarim
1256 1531 1356 1566 quae
1377 1532 1450 1567 ego

122 1595 158 1625 et
192 1595 282 1625 ante
317 1602 379 1625 me
413 1589 626 1626 Fechterus
660 1588 709 1625 ab
743 1587 890 1625 Orellio
920 1587 1190 1636 praetermissa
1220 1589 1281 1625 uel
1312 1587 1451 1625 iniuria

122 1658 386 1696 Amerbachio
405 1658 602 1696 adtributa
622 1657 935 1696 intellexerimus.

164 1761 172 1778 ¹
199 1761 363 1792 Remarks
384 1772 474 1801 upon
500 1772 518 1791 a
541 1761 607 1791 late
631 1762 803 1792 discourse
828 1761 865 1791 os
886 1761 1154 1800 Free-thinking,
1177 1762 1304 1792 section
1325 1772 1366 1800 32
1387 1763 1448 1793 ‘In

120 1815 260 1854 profane
278 1816 416 1846 authors
442 1820 494 1854 (as
516 1816 597 1854 they
622 1826 679 1846 are
704 1816 837 1848 called‘.
865 1816 1021 1845 whereof
1041 1826 1107 1845 one
1134 1818 1341 1856 manuscript
1367 1819 1449 1857 only

120 1867 184 1897 had
213 1868 269 1897 the
297 1868 372 1897 luck
400 1872 434 1897 to
466 1868 508 1898 be
540 1868 735 1907 preserved,
768 1877 804 1897 as
834 1867 985 1897 Velleius
1017 1867 1215 1898 Paterculus
1242 1879 1364 1908 among
1390 1871 1448 1900 the

122 1919 247 1957 Latius,
269 1920 334 1950 and
356 1920 552 1959 Hesychius
576 1931 700 1958 among
723 1920 781 1950 the
806 1919 946 1958 Greeks,
973 1920 1030 1950 the
1060 1920 1159 1950 faults
1184 1921 1222 1950 of
1244 1921 1298 1950 the
1323 1923 1448 1952 scribes

118 1982 176 2001 are
194 1971 295 2002 found
313 1983 350 2002 so
373 1983 568 2011 numerous,
593 1973 657 2002 and
684 1973 740 2002 the
766 1972 896 2002 defects
920 1983 957 2003 so
982 1973 1117 2012 beyond
1142 1973 1183 2003 all
1210 1974 1352 2013 redress‚
1375 1976 1447 2006 that

120 2024 426 2063 notwithstanding
458 2025 515 2054 the
548 2024 741 2055 learnedest
765 2026 830 2055 and
855 2030 983 2056 acutest
1008 2027 1121 2056 critics
1153 2027 1204 2056 for
1236 2031 1304 2057 two
1333 2029 1446 2058 whole

120 2080 299 2118 centuries,
320 2079 415 2110 these
432 2079 538 2110 books
556 2090 612 2110 are
630 2080 708 2118 still,
726 2080 791 2110 and
814 2090 869 2110 are
890 2080 956 2110 like
974 2084 1007 2110 to
1026 2080 1194 2120 continue,
1214 2092 1232 2111 a
1250 2092 1340 2113 mere
1359 2084 1446 2121 heap

119 2132 158 2161 os
170 2131 300 2162 errors.'

748 2500 826 2529 xxiii
