<?xml version="1.0" encoding="UTF-8"?>
<!DOCTYPE html PUBLIC "-//W3C//DTD XHTML 1.0 Transitional//EN"
    "http://www.w3.org/TR/xhtml1/DTD/xhtml1-transitional.dtd">
<html xmlns="http://www.w3.org/1999/xhtml" xml:lang="en" lang="en">
 <head>
  <title>
</title>
<meta http-equiv="Content-Type" content="text/html;charset=utf-8" />
  <meta name='ocr-system' content='tesseract 3.04.00' />
  <meta name='ocr-capabilities' content='ocr_page ocr_carea ocr_par ocr_line ocrx_word'/>
</head>
<body>
  <div class='ocr_page' id='page_1' title='image "admvinciumlibrid00velluoft_0201.png"; bbox 0 0 1799 2864; ppageno 0'>
   <div class='ocr_carea' id='block_1_1' title="bbox 476 216 1268 255">
    <p class='ocr_par' dir='ltr' id='par_1_1' title="bbox 476 216 1268 255">
     <span class='ocr_line' id='line_1_1' title="bbox 476 216 1268 255; baseline 0 -2"><span class='ocrx_word' id='word_1_1' title='bbox 476 217 537 253; x_wconf 91' lang='lat' dir='ltr'>IN</span> <span class='ocrx_word' id='word_1_2' title='bbox 566 216 856 253; x_wconf 91' lang='lat' dir='ltr'>VELLEIVM</span> <span class='ocrx_word' id='word_1_3' title='bbox 888 217 1268 255; x_wconf 87' lang='lat' dir='ltr'>PATERCVLVM</span> 
     </span>
    </p>
   </div>
   <div class='ocr_carea' id='block_1_2' title="bbox 209 326 1537 427">
    <p class='ocr_par' dir='ltr' id='par_1_2' title="bbox 209 326 1537 427">
     <span class='ocr_line' id='line_1_2' title="bbox 209 326 1535 370; baseline 0.001 -12"><span class='ocrx_word' id='word_1_4' title='bbox 209 326 346 369; x_wconf 75' lang='lat' dir='ltr'>grauis</span> <span class='ocrx_word' id='word_1_5' title='bbox 369 326 444 358; x_wconf 80' lang='lat' dir='ltr'>iam</span> <span class='ocrx_word' id='word_1_6' title='bbox 470 329 587 359; x_wconf 83' lang='lat' dir='ltr'>aetate</span> <span class='ocrx_word' id='word_1_7' title='bbox 611 328 646 358; x_wconf 80' lang='lat' dir='ltr'>et</span> <span class='ocrx_word' id='word_1_8' title='bbox 668 327 816 368; x_wconf 75' lang='lat' dir='ltr'>corpore</span> <span class='ocrx_word' id='word_1_9' title='bbox 838 336 918 358; x_wconf 87' lang='lat' dir='ltr'>cum</span> <span class='ocrx_word' id='word_1_10' title='bbox 945 336 1017 358; x_wconf 90' lang='lat' dir='ltr'>esse</span> <span class='ocrx_word' id='word_1_11' title='bbox 1033 336 1106 358; x_wconf 83' lang='lat' dir='ltr'>non</span> <span class='ocrx_word' id='word_1_12' title='bbox 1124 328 1256 370; x_wconf 74' lang='lat' dir='ltr'>posset,</span> <span class='ocrx_word' id='word_1_13' title='bbox 1277 327 1392 360; x_wconf 85' lang='lat' dir='ltr'>Burer</span> <span class='ocrx_word' id='word_1_14' title='bbox 1412 332 1535 359; x_wconf 86' lang='lat' dir='ltr'>autern</span> 
     </span>
     <span class='ocr_line' id='line_1_3' title="bbox 215 383 1537 427; baseline 0.001 -10"><span class='ocrx_word' id='word_1_15' title='bbox 215 395 288 417; x_wconf 90' lang='lat' dir='ltr'>non</span> <span class='ocrx_word' id='word_1_16' title='bbox 320 395 413 427; x_wconf 84' lang='lat' dir='ltr'>cnm,</span> <span class='ocrx_word' id='word_1_17' title='bbox 444 384 508 418; x_wconf 90' lang='lat' dir='ltr'>sed</span> <span class='ocrx_word' id='word_1_18' title='bbox 541 395 654 417; x_wconf 81' lang='lat' dir='ltr'>comes</span> <span class='ocrx_word' id='word_1_19' title='bbox 686 390 851 417; x_wconf 87' lang='lat' dir='ltr'>autumat</span> <span class='ocrx_word' id='word_1_20' title='bbox 876 383 910 416; x_wconf 91' lang='lat' dir='ltr'>in</span> <span class='ocrx_word' id='word_1_21' title='bbox 936 383 1172 418; x_wconf 89' lang='lat' dir='ltr'>Murbacensi</span> <span class='ocrx_word' id='word_1_22' title='bbox 1200 384 1320 419; x_wconf 89' lang='lat' dir='ltr'>fuisse.</span> <span class='ocrx_word' id='word_1_23' title='bbox 1382 383 1537 418; x_wconf 89' lang='lat' dir='ltr'>Videtur</span> 
     </span>
    </p>
   </div>
   <div class='ocr_carea' id='block_1_3' title="bbox 215 439 1535 486">
    <p class='ocr_par' dir='ltr' id='par_1_3' title="bbox 215 439 1535 486">
     <span class='ocr_line' id='line_1_4' title="bbox 215 439 1535 486; baseline 0.001 -12"><span class='ocrx_word' id='word_1_24' title='bbox 215 452 327 474; x_wconf 80' lang='lat' dir='ltr'>comes</span> <span class='ocrx_word' id='word_1_25' title='bbox 343 452 424 474; x_wconf 81' lang='lat' dir='ltr'>cum</span> <span class='ocrx_word' id='word_1_26' title='bbox 450 439 554 486; x_wconf 89' lang='lat' dir='ltr'>es[se]</span> <span class='ocrx_word' id='word_1_27' title='bbox 574 439 874 485; x_wconf 63' lang='lat' dir='ltr'>scriptumtuisse</span> <span class='ocrx_word' id='word_1_28' title='bbox 893 453 915 474; x_wconf 89' lang='lat' dir='ltr'>a</span> <span class='ocrx_word' id='word_1_29' title='bbox 929 439 1067 474; x_wconf 81' lang='lat' dir='ltr'>Velleio</span> <span class='ocrx_word' id='word_1_30' title='bbox 1084 454 1092 482; x_wconf 83' lang='lat'>3</span> <span class='ocrx_word' id='word_1_31' title='bbox 1118 441 1188 475; x_wconf 89' lang='lat' dir='ltr'>hoc</span> <span class='ocrx_word' id='word_1_32' title='bbox 1203 453 1285 475; x_wconf 89' lang='lat' dir='ltr'>curn</span> <span class='ocrx_word' id='word_1_33' title='bbox 1298 453 1363 485; x_wconf 87' lang='lat' dir='ltr'>per</span> <span class='ocrx_word' id='word_1_34' title='bbox 1376 453 1535 475; x_wconf 87' lang='lat' dir='ltr'>errorem</span> 
     </span>
    </p>
   </div>
   <div class='ocr_carea' id='block_1_4' title="bbox 215 506 1537 575">
    <p class='ocr_par' dir='ltr' id='par_1_4' title="bbox 215 506 1537 575">
     <span class='ocr_line' id='line_1_5' title="bbox 641 506 705 522; baseline -0.016 0"><span class='ocrx_word' id='word_1_35' title='bbox 641 506 705 522; x_wconf 82' lang='lat' dir='ltr'>cum</span> 
     </span>
     <span class='ocr_line' id='line_1_6' title="bbox 215 530 1537 575; baseline 0 -10"><span class='ocrx_word' id='word_1_36' title='bbox 215 530 266 565; x_wconf 90' lang='lat' dir='ltr'>sic</span> <span class='ocrx_word' id='word_1_37' title='bbox 293 530 464 575; x_wconf 89' lang='lat' dir='ltr'>scriptum</span> <span class='ocrx_word' id='word_1_38' title='bbox 491 537 589 565; x_wconf 88' lang='lat' dir='ltr'>esset</span> <span class='ocrx_word' id='word_1_39' title='bbox 615 543 728 565; x_wconf 83' lang='lat' dir='ltr'>comes</span> <span class='ocrx_word' id='word_1_40' title='bbox 751 542 831 573; x_wconf 87' lang='lat' dir='ltr'>esse,</span> <span class='ocrx_word' id='word_1_41' title='bbox 851 530 1002 565; x_wconf 89' lang='lat' dir='ltr'>Amerb.</span> <span class='ocrx_word' id='word_1_42' title='bbox 1028 537 1063 565; x_wconf 89' lang='lat' dir='ltr'>et</span> <span class='ocrx_word' id='word_1_43' title='bbox 1082 531 1284 565; x_wconf 84' lang='lat' dir='ltr'>Rhenanus</span> <span class='ocrx_word' id='word_1_44' title='bbox 1311 543 1402 574; x_wconf 80' lang='lat' dir='ltr'>cum,</span> <span class='ocrx_word' id='word_1_45' title='bbox 1422 533 1537 565; x_wconf 86' lang='lat' dir='ltr'>Burer</span> 
     </span>
    </p>
   </div>
   <div class='ocr_carea' id='block_1_5' title="bbox 207 588 1539 2481">
    <p class='ocr_par' dir='ltr' id='par_1_5' title="bbox 213 588 872 633">
     <span class='ocr_line' id='line_1_7' title="bbox 213 588 872 633; baseline 0.002 -12"><span class='ocrx_word' id='word_1_46' title='bbox 213 599 327 622; x_wconf 84' lang='lat' dir='ltr'>comes</span> <span class='ocrx_word' id='word_1_47' title='bbox 342 588 462 632; x_wconf 90' lang='lat' dir='ltr'>potius</span> <span class='ocrx_word' id='word_1_48' title='bbox 481 588 517 622; x_wconf 90' lang='lat' dir='ltr'>id</span> <span class='ocrx_word' id='word_1_49' title='bbox 535 588 789 633; x_wconf 89' lang='lat' dir='ltr'>interpretatus</span> <span class='ocrx_word' id='word_1_50' title='bbox 807 595 872 623; x_wconf 87' lang='lat' dir='ltr'>est.</span> 
     </span>
    </p>

    <p class='ocr_par' dir='ltr' id='par_1_6' title="bbox 211 644 1537 854">
     <span class='ocr_line' id='line_1_8' title="bbox 260 644 1537 690; baseline -0.001 -11"><span class='ocrx_word' id='word_1_51' title='bbox 260 647 301 679; x_wconf 91' lang='lat'>81</span> <span class='ocrx_word' id='word_1_52' title='bbox 320 655 339 678; x_wconf 86' lang='lat'>2</span> <span class='ocrx_word' id='word_1_53' title='bbox 367 657 385 677; x_wconf 66' lang='lat'>&gt;12</span> <span class='ocrx_word' id='word_1_54' title='bbox 402 656 419 676; x_wconf 85' lang='lat'><em>*</em></span> <span class='ocrx_word' id='word_1_55' title='bbox 446 645 558 680; x_wconf 83' lang='lat' dir='ltr'>relicti</span> <span class='ocrx_word' id='word_1_56' title='bbox 584 654 687 680; x_wconf 89' lang='lat' dir='ltr'>erant</span> <span class='ocrx_word' id='word_1_57' title='bbox 713 645 847 690; x_wconf 85' lang='lat' dir='ltr'>publici</span> <span class='ocrx_word' id='word_1_58' title='bbox 877 657 941 690; x_wconf 89' lang='lat' dir='ltr'>pro</span> <span class='ocrx_word' id='word_1_59' title='bbox 968 644 1025 680; x_wconf 89' lang='lat' dir='ltr'>his</span> <span class='ocrx_word' id='word_1_60' title='bbox 1055 646 1162 689; x_wconf 87' lang='lat' dir='ltr'>longe</span> <span class='ocrx_word' id='word_1_61' title='bbox 1189 644 1373 680; x_wconf 85' lang='lat' dir='ltr'>uberiores</span> <span class='ocrx_word' id='word_1_62' title='bbox 1400 644 1537 679; x_wconf 88' lang='lat' dir='ltr'>reditus</span> 
     </span>
     <span class='ocr_line' id='line_1_9' title="bbox 213 702 1537 748; baseline 0 -12"><span class='ocrx_word' id='word_1_63' title='bbox 213 703 400 737; x_wconf 89' lang='lat' dir='ltr'>duodeties</span> <span class='ocrx_word' id='word_1_64' title='bbox 430 703 585 738; x_wconf 81' lang='lat' dir='ltr'>sestertii</span> <span class='ocrx_word' id='word_1_65' title='bbox 611 703 645 737; x_wconf 93' lang='lat' dir='ltr'>in</span> <span class='ocrx_word' id='word_1_66' title='bbox 674 705 806 738; x_wconf 85' lang='lat' dir='ltr'>Craeta</span> <span class='ocrx_word' id='word_1_67' title='bbox 840 703 957 738; x_wconf 85' lang='lat' dir='ltr'>insula</span> <span class='ocrx_word' id='word_1_68' title='bbox 992 702 1122 738; x_wconf 89' lang='lat' dir='ltr'>redditi</span> <span class='ocrx_word' id='word_1_69' title='bbox 1157 710 1192 738; x_wconf 89' lang='lat' dir='ltr'>et</span> <span class='ocrx_word' id='word_1_70' title='bbox 1226 715 1322 748; x_wconf 88' lang='lat' dir='ltr'>aqua</span> <span class='ocrx_word' id='word_1_71' title='bbox 1355 703 1537 748; x_wconf 84' lang='lat' dir='ltr'>promissa</span> 
     </span>
     <span class='ocr_line' id='line_1_10' title="bbox 213 760 1536 806; baseline 0 -12"><span class='ocrx_word' id='word_1_72' title='bbox 213 772 306 805; x_wconf 84' lang='lat' dir='ltr'>quae</span> <span class='ocrx_word' id='word_1_73' title='bbox 336 761 517 806; x_wconf 86' lang='lat' dir='ltr'>hodieque</span> <span class='ocrx_word' id='word_1_74' title='bbox 551 761 732 806; x_wconf 83' lang='lat' dir='ltr'>singulare</span> <span class='ocrx_word' id='word_1_75' title='bbox 765 769 800 796; x_wconf 93' lang='lat' dir='ltr'>et</span> <span class='ocrx_word' id='word_1_76' title='bbox 835 761 1056 796; x_wconf 84' lang='lat' dir='ltr'>salubritatis</span> <span class='ocrx_word' id='word_1_77' title='bbox 1091 761 1204 796; x_wconf 86' lang='lat' dir='ltr'>instar</span> <span class='ocrx_word' id='word_1_78' title='bbox 1237 769 1272 796; x_wconf 82' lang='lat' dir='ltr'>et</span> <span class='ocrx_word' id='word_1_79' title='bbox 1305 760 1536 795; x_wconf 85' lang='lat' dir='ltr'>amoenitatis</span> 
     </span>
     <span class='ocr_line' id='line_1_11' title="bbox 211 820 622 854; baseline 0.002 -1"><span class='ocrx_word' id='word_1_80' title='bbox 211 827 468 854; x_wconf 84' lang='lat' dir='ltr'>ornamentum</span> <span class='ocrx_word' id='word_1_81' title='bbox 486 826 553 854; x_wconf 89' lang='lat' dir='ltr'>est.</span> <span class='ocrx_word' id='word_1_82' title='bbox 571 820 622 854; x_wconf 81' lang='lat' dir='ltr'>A.</span> 
     </span>
    </p>

    <p class='ocr_par' dir='ltr' id='par_1_7' title="bbox 211 875 1539 1152">
     <span class='ocr_line' id='line_1_12' title="bbox 261 875 1534 921; baseline -0.001 -10"><span class='ocrx_word' id='word_1_83' title='bbox 261 877 370 921; x_wconf 80' lang='lat' dir='ltr'>Quod</span> <span class='ocrx_word' id='word_1_84' title='bbox 396 878 507 911; x_wconf 88' lang='lat' dir='ltr'>habet</span> <span class='ocrx_word' id='word_1_85' title='bbox 525 878 561 911; x_wconf 84' lang='lat' dir='ltr'><em>A</em></span> <span class='ocrx_word' id='word_1_86' title='bbox 589 879 750 911; x_wconf 70' lang='lat' dir='ltr'>sestertii</span> <span class='ocrx_word' id='word_1_87' title='bbox 774 878 996 911; x_wconf 89' lang='lat' dir='ltr'>seruandum</span> <span class='ocrx_word' id='word_1_88' title='bbox 1022 888 1166 920; x_wconf 87' lang='lat' dir='ltr'>cense0‚</span> <span class='ocrx_word' id='word_1_89' title='bbox 1188 883 1226 911; x_wconf 91' lang='lat' dir='ltr'>ut</span> <span class='ocrx_word' id='word_1_90' title='bbox 1252 877 1413 911; x_wconf 75' lang='lat' dir='ltr'>sestertii</span> <span class='ocrx_word' id='word_1_91' title='bbox 1434 875 1534 921; x_wconf 83' lang='lat' dir='ltr'>geni-</span> 
     </span>
     <span class='ocr_line' id='line_1_13' title="bbox 211 933 1533 980; baseline 0 -13"><span class='ocrx_word' id='word_1_92' title='bbox 211 933 304 968; x_wconf 82' lang='lat' dir='ltr'>tiuus</span> <span class='ocrx_word' id='word_1_93' title='bbox 323 934 369 968; x_wconf 88' lang='lat' dir='ltr'>sit</span> <span class='ocrx_word' id='word_1_94' title='bbox 387 934 504 968; x_wconf 86' lang='lat' dir='ltr'>neutri</span> <span class='ocrx_word' id='word_1_95' title='bbox 522 935 619 979; x_wconf 88' lang='lat' dir='ltr'>quod</span> <span class='ocrx_word' id='word_1_96' title='bbox 637 942 692 969; x_wconf 90' lang='lat' dir='ltr'>est</span> <span class='ocrx_word' id='word_1_97' title='bbox 718 937 933 968; x_wconf 71' lang='lat' dir='ltr'>sestertium.</span> <span class='ocrx_word' id='word_1_98' title='bbox 985 934 1061 968; x_wconf 91' lang='lat' dir='ltr'>Liu.</span> <span class='ocrx_word' id='word_1_99' title='bbox 1079 935 1148 968; x_wconf 89' lang='lat' dir='ltr'>xlv.</span> <span class='ocrx_word' id='word_1_100' title='bbox 1166 944 1189 976; x_wconf 86' lang='lat'><strong>4</strong></span> <span class='ocrx_word' id='word_1_101' title='bbox 1205 936 1354 980; x_wconf 75' lang='lat' dir='ltr'>argenti</span> <span class='ocrx_word' id='word_1_102' title='bbox 1368 935 1420 967; x_wconf 81' lang='lat' dir='ltr'>ad</span> <span class='ocrx_word' id='word_1_103' title='bbox 1437 946 1533 968; x_wconf 81' lang='lat' dir='ltr'>sum-</span> 
     </span>
     <span class='ocr_line' id='line_1_14' title="bbox 213 992 1534 1036; baseline 0.001 -11"><span class='ocrx_word' id='word_1_104' title='bbox 213 1004 310 1026; x_wconf 79' lang='lat' dir='ltr'>mam</span> <span class='ocrx_word' id='word_1_105' title='bbox 335 995 494 1027; x_wconf 83' lang='lat' dir='ltr'>sestertii</span> <span class='ocrx_word' id='word_1_106' title='bbox 515 994 655 1027; x_wconf 81' lang='lat' dir='ltr'>deciens</span> <span class='ocrx_word' id='word_1_107' title='bbox 679 995 718 1027; x_wconf 82' lang='lat' dir='ltr'>in</span> <span class='ocrx_word' id='word_1_108' title='bbox 745 995 934 1026; x_wconf 80' lang='lat' dir='ltr'>aerarium</span> <span class='ocrx_word' id='word_1_109' title='bbox 960 994 1125 1035; x_wconf 83' lang='lat' dir='ltr'>rettulit;</span> <span class='ocrx_word' id='word_1_110' title='bbox 1159 993 1234 1027; x_wconf 89' lang='lat' dir='ltr'>Cic.</span> <span class='ocrx_word' id='word_1_111' title='bbox 1255 992 1345 1026; x_wconf 87' lang='lat' dir='ltr'>Phil.</span> <span class='ocrx_word' id='word_1_112' title='bbox 1365 992 1398 1027; x_wconf 89' lang='lat' dir='ltr'>ii.</span> <span class='ocrx_word' id='word_1_113' title='bbox 1418 1001 1472 1035; x_wconf 83' lang='lat'>37.</span> <span class='ocrx_word' id='word_1_114' title='bbox 1491 999 1534 1036; x_wconf 83' lang='lat'>95</span> 
     </span>
     <span class='ocr_line' id='line_1_15' title="bbox 212 1049 1539 1095; baseline 0 -12"><span class='ocrx_word' id='word_1_115' title='bbox 212 1051 426 1095; x_wconf 72' lang='lat' dir='ltr'>syngrapha</span> <span class='ocrx_word' id='word_1_116' title='bbox 451 1053 610 1084; x_wconf 71' lang='lat' dir='ltr'>sestertii</span> <span class='ocrx_word' id='word_1_117' title='bbox 635 1052 813 1092; x_wconf 74' lang='lat' dir='ltr'>centz‘ens3</span> <span class='ocrx_word' id='word_1_118' title='bbox 841 1051 928 1084; x_wconf 91' lang='lat' dir='ltr'>Tac.</span> <span class='ocrx_word' id='word_1_119' title='bbox 948 1051 1042 1085; x_wconf 90' lang='lat' dir='ltr'>Ann.</span> <span class='ocrx_word' id='word_1_120' title='bbox 1061 1049 1116 1084; x_wconf 75' lang='lat' dir='ltr'>xii.</span> <span class='ocrx_word' id='word_1_121' title='bbox 1137 1051 1179 1094; x_wconf 86' lang='grc'>58</span> <span class='ocrx_word' id='word_1_122' title='bbox 1197 1051 1355 1084; x_wconf 84' lang='lat' dir='ltr'>centiens</span> <span class='ocrx_word' id='word_1_123' title='bbox 1379 1052 1539 1084; x_wconf 82' lang='lat' dir='ltr'>sestertii</span> 
     </span>
     <span class='ocr_line' id='line_1_16' title="bbox 212 1108 809 1152; baseline 0.005 -13"><span class='ocrx_word' id='word_1_124' title='bbox 212 1108 412 1152; x_wconf 78' lang='lat' dir='ltr'>largitione</span> <span class='ocrx_word' id='word_1_125' title='bbox 431 1108 575 1152; x_wconf 86' lang='lat' dir='ltr'>(Zumpt</span> <span class='ocrx_word' id='word_1_126' title='bbox 595 1109 655 1142; x_wconf 87' lang='lat' dir='ltr'>Gr.</span> <span class='ocrx_word' id='word_1_127' title='bbox 678 1108 695 1150; x_wconf 60' lang='grc' dir='ltr'><strong>ξ</strong></span> <span class='ocrx_word' id='word_1_128' title='bbox 717 1109 809 1150; x_wconf 75' lang='grc'>873).</span> 
     </span>
    </p>

    <p class='ocr_par' dir='ltr' id='par_1_8' title="bbox 209 1164 1539 1673">
     <span class='ocr_line' id='line_1_17' title="bbox 258 1164 1536 1209; baseline 0.001 -12"><span class='ocrx_word' id='word_1_129' title='bbox 258 1166 382 1197; x_wconf 75' lang='lat' dir='ltr'>instar</span> <span class='ocrx_word' id='word_1_130' title='bbox 398 1164 427 1199; x_wconf 90' lang='lat' dir='ltr'>si</span> <span class='ocrx_word' id='word_1_131' title='bbox 452 1172 549 1198; x_wconf 87' lang='lat' dir='ltr'>recte</span> <span class='ocrx_word' id='word_1_132' title='bbox 575 1164 749 1198; x_wconf 80' lang='lat' dir='ltr'>traditum</span> <span class='ocrx_word' id='word_1_133' title='bbox 775 1171 830 1198; x_wconf 87' lang='lat' dir='ltr'>est</span> <span class='ocrx_word' id='word_1_134' title='bbox 852 1164 953 1208; x_wconf 83' lang='lat' dir='ltr'>(nam</span> <span class='ocrx_word' id='word_1_135' title='bbox 973 1165 1070 1209; x_wconf 93' lang='lat' dir='ltr'>quod</span> <span class='ocrx_word' id='word_1_136' title='bbox 1097 1176 1162 1209; x_wconf 93' lang='lat' dir='ltr'>pro</span> <span class='ocrx_word' id='word_1_137' title='bbox 1189 1176 1231 1199; x_wconf 92' lang='lat' dir='ltr'>eo</span> <span class='ocrx_word' id='word_1_138' title='bbox 1258 1176 1301 1198; x_wconf 88' lang='lat' dir='ltr'>ex</span> <span class='ocrx_word' id='word_1_139' title='bbox 1327 1164 1536 1198; x_wconf 86' lang='lat' dir='ltr'>coniectura</span> 
     </span>
     <span class='ocr_line' id='line_1_18' title="bbox 211 1222 1535 1268; baseline -0.001 -11"><span class='ocrx_word' id='word_1_140' title='bbox 211 1222 349 1257; x_wconf 89' lang='lat' dir='ltr'>editum</span> <span class='ocrx_word' id='word_1_141' title='bbox 379 1230 434 1258; x_wconf 89' lang='lat' dir='ltr'>est</span> <span class='ocrx_word' id='word_1_142' title='bbox 460 1225 747 1257; x_wconf 78' lang='lat' dir='ltr'>instrumentum</span> <span class='ocrx_word' id='word_1_143' title='bbox 776 1224 884 1257; x_wconf 88' lang='lat' dir='ltr'>ualde</span> <span class='ocrx_word' id='word_1_144' title='bbox 914 1223 1107 1267; x_wconf 80' lang='lat' dir='ltr'>displicet),</span> <span class='ocrx_word' id='word_1_145' title='bbox 1134 1235 1208 1257; x_wconf 90' lang='lat' dir='ltr'>non</span> <span class='ocrx_word' id='word_1_146' title='bbox 1238 1223 1303 1257; x_wconf 89' lang='lat' dir='ltr'>erit</span> <span class='ocrx_word' id='word_1_147' title='bbox 1331 1224 1449 1268; x_wconf 90' lang='lat' dir='ltr'>‘quod</span> <span class='ocrx_word' id='word_1_148' title='bbox 1481 1223 1535 1256; x_wconf 88' lang='lat' dir='ltr'>in-</span> 
     </span>
     <span class='ocr_line' id='line_1_19' title="bbox 211 1279 1539 1325; baseline -0.001 -11"><span class='ocrx_word' id='word_1_149' title='bbox 211 1281 370 1322; x_wconf 84' lang='lat' dir='ltr'>staurat‚’</span> <span class='ocrx_word' id='word_1_150' title='bbox 389 1292 497 1325; x_wconf 90' lang='lat' dir='ltr'>quem</span> <span class='ocrx_word' id='word_1_151' title='bbox 518 1280 758 1325; x_wconf 83' lang='lat' dir='ltr'>significatum</span> <span class='ocrx_word' id='word_1_152' title='bbox 778 1279 965 1314; x_wconf 81' lang='lat' dir='ltr'>Acidalius</span> <span class='ocrx_word' id='word_1_153' title='bbox 989 1293 1032 1314; x_wconf 82' lang='lat' dir='ltr'>ex</span> <span class='ocrx_word' id='word_1_154' title='bbox 1052 1280 1154 1314; x_wconf 88' lang='lat' dir='ltr'>Pauli</span> <span class='ocrx_word' id='word_1_155' title='bbox 1178 1280 1298 1314; x_wconf 90' lang='lat' dir='ltr'>uerbis</span> <span class='ocrx_word' id='word_1_156' title='bbox 1315 1281 1539 1314; x_wconf 79' lang='lat' dir='ltr'>Instaurari</span> 
     </span>
     <span class='ocr_line' id='line_1_20' title="bbox 211 1339 1534 1384; baseline 0.001 -12"><span class='ocrx_word' id='word_1_157' title='bbox 211 1340 254 1373; x_wconf 78' lang='lat' dir='ltr'>ab</span> <span class='ocrx_word' id='word_1_158' title='bbox 271 1341 394 1372; x_wconf 80' lang='lat' dir='ltr'>instar</span> <span class='ocrx_word' id='word_1_159' title='bbox 409 1340 546 1373; x_wconf 68' lang='lat' dir='ltr'>dictmn</span> <span class='ocrx_word' id='word_1_160' title='bbox 566 1351 645 1373; x_wconf 77' lang='lat' dir='ltr'>cum</span> <span class='ocrx_word' id='word_1_161' title='bbox 664 1339 814 1383; x_wconf 75' lang='lat' dir='ltr'>aliquid</span> <span class='ocrx_word' id='word_1_162' title='bbox 827 1339 879 1372; x_wconf 80' lang='lat' dir='ltr'>ad</span> <span class='ocrx_word' id='word_1_163' title='bbox 884 1340 1092 1383; x_wconf 67' lang='lat' dir='ltr'>pristinam</span> <span class='ocrx_word' id='word_1_164' title='bbox 1116 1340 1400 1373; x_wconf 77' lang='lat' dir='ltr'>similitudinem</span> <span class='ocrx_word' id='word_1_165' title='bbox 1419 1340 1534 1384; x_wconf 68' lang='lat' dir='ltr'>refici-</span> 
     </span>
     <span class='ocr_line' id='line_1_21' title="bbox 210 1397 1535 1442; baseline 0.001 -11"><span class='ocrx_word' id='word_1_166' title='bbox 210 1402 276 1431; x_wconf 76' lang='lat' dir='ltr'>tur</span> <span class='ocrx_word' id='word_1_167' title='bbox 304 1409 495 1442; x_wconf 83' lang='lat' dir='ltr'>perperam</span> <span class='ocrx_word' id='word_1_168' title='bbox 529 1397 658 1439; x_wconf 86' lang='lat' dir='ltr'>elicuit,</span> <span class='ocrx_word' id='word_1_169' title='bbox 692 1397 901 1442; x_wconf 86' lang='lat' dir='ltr'>recepitque</span> <span class='ocrx_word' id='word_1_170' title='bbox 935 1397 1053 1431; x_wconf 89' lang='lat' dir='ltr'>editor</span> <span class='ocrx_word' id='word_1_171' title='bbox 1086 1397 1144 1431; x_wconf 88' lang='lat' dir='ltr'>ed.</span> <span class='ocrx_word' id='word_1_172' title='bbox 1180 1398 1312 1442; x_wconf 88' lang='lat' dir='ltr'>Delph.</span> <span class='ocrx_word' id='word_1_173' title='bbox 1350 1399 1535 1432; x_wconf 85' lang='lat' dir='ltr'>Robertus</span> 
     </span>
     <span class='ocr_line' id='line_1_22' title="bbox 213 1454 1536 1500; baseline 0 -12"><span class='ocrx_word' id='word_1_174' title='bbox 213 1455 358 1499; x_wconf 82' lang='lat' dir='ltr'>Riguez,</span> <span class='ocrx_word' id='word_1_175' title='bbox 379 1467 464 1489; x_wconf 80' lang='lat' dir='ltr'>nam</span> <span class='ocrx_word' id='word_1_176' title='bbox 483 1456 583 1489; x_wconf 88' lang='lat' dir='ltr'>nulla</span> <span class='ocrx_word' id='word_1_177' title='bbox 601 1463 721 1499; x_wconf 86' lang='lat' dir='ltr'>potest</span> <span class='ocrx_word' id='word_1_178' title='bbox 739 1454 798 1489; x_wconf 89' lang='lat' dir='ltr'>hic</span> <span class='ocrx_word' id='word_1_179' title='bbox 816 1454 1000 1489; x_wconf 85' lang='lat' dir='ltr'>reficiendi</span> <span class='ocrx_word' id='word_1_180' title='bbox 1027 1456 1179 1489; x_wconf 87' lang='lat' dir='ltr'>subesse</span> <span class='ocrx_word' id='word_1_181' title='bbox 1197 1454 1310 1497; x_wconf 83' lang='lat' dir='ltr'>notio,</span> <span class='ocrx_word' id='word_1_182' title='bbox 1328 1456 1393 1489; x_wconf 88' lang='lat' dir='ltr'>sed</span> <span class='ocrx_word' id='word_1_183' title='bbox 1412 1456 1536 1500; x_wconf 87' lang='grc' dir='ltr'>μέτρον</span> 
     </span>
     <span class='ocr_line' id='line_1_23' title="bbox 212 1511 1535 1557; baseline 0 -11"><span class='ocrx_word' id='word_1_184' title='bbox 212 1511 287 1546; x_wconf 90' lang='lat' dir='ltr'>siue</span> <span class='ocrx_word' id='word_1_185' title='bbox 317 1513 449 1546; x_wconf 87' lang='lat' dir='ltr'>modus</span> <span class='ocrx_word' id='word_1_186' title='bbox 480 1525 683 1555; x_wconf 83' lang='lat' dir='ltr'>mensurae,</span> <span class='ocrx_word' id='word_1_187' title='bbox 714 1513 748 1546; x_wconf 90' lang='lat' dir='ltr'>h.</span> <span class='ocrx_word' id='word_1_188' title='bbox 762 1524 792 1546; x_wconf 91' lang='lat' dir='ltr'>e.</span> <span class='ocrx_word' id='word_1_189' title='bbox 821 1524 964 1546; x_wconf 81' lang='lat' dir='ltr'>summa</span> <span class='ocrx_word' id='word_1_190' title='bbox 991 1513 1048 1546; x_wconf 90' lang='lat' dir='ltr'>uel</span> <span class='ocrx_word' id='word_1_191' title='bbox 1079 1513 1193 1557; x_wconf 78' lang='lat' dir='ltr'>copia,</span> <span class='ocrx_word' id='word_1_192' title='bbox 1221 1520 1258 1547; x_wconf 90' lang='lat' dir='ltr'>ut</span> <span class='ocrx_word' id='word_1_193' title='bbox 1285 1525 1353 1547; x_wconf 88' lang='lat' dir='ltr'>nos</span> <span class='ocrx_word' id='word_1_194' title='bbox 1379 1513 1535 1547; x_wconf 86' lang='lat' dir='ltr'>dicimus</span> 
     </span>
     <span class='ocr_line' id='line_1_24' title="bbox 211 1569 1537 1613; baseline 0.001 -10"><span class='ocrx_word' id='word_1_195' title='bbox 211 1570 407 1613; x_wconf 86' lang='lat' dir='ltr'>‘amount‚&#39;</span> <span class='ocrx_word' id='word_1_196' title='bbox 450 1571 573 1604; x_wconf 88' lang='lat' dir='ltr'>‘sum.’</span> <span class='ocrx_word' id='word_1_197' title='bbox 627 1569 686 1604; x_wconf 87' lang='lat' dir='ltr'>Sic</span> <span class='ocrx_word' id='word_1_198' title='bbox 736 1579 790 1613; x_wconf 87' lang='lat'>29.</span> <span class='ocrx_word' id='word_1_199' title='bbox 834 1579 853 1603; x_wconf 86' lang='lat'>2</span> <span class='ocrx_word' id='word_1_200' title='bbox 896 1571 1098 1604; x_wconf 76' lang='lat' dir='ltr'>multorum</span> <span class='ocrx_word' id='word_1_201' title='bbox 1139 1571 1371 1604; x_wconf 79' lang='lat' dir='ltr'>uoluminum</span> <span class='ocrx_word' id='word_1_202' title='bbox 1413 1572 1537 1604; x_wconf 80' lang='lat' dir='ltr'>instar</span> 
     </span>
     <span class='ocr_line' id='line_1_25' title="bbox 209 1629 334 1673; baseline -0.008 -11"><span class='ocrx_word' id='word_1_203' title='bbox 209 1629 334 1673; x_wconf 76' lang='lat' dir='ltr'>exigit.</span> 
     </span>
    </p>

    <p class='ocr_par' dir='ltr' id='par_1_9' title="bbox 208 1684 1535 1952">
     <span class='ocr_line' id='line_1_26' title="bbox 256 1684 1533 1730; baseline 0 -11"><span class='ocrx_word' id='word_1_204' title='bbox 256 1687 302 1719; x_wconf 87' lang='lat'>82</span> <span class='ocrx_word' id='word_1_205' title='bbox 326 1695 338 1719; x_wconf 92' lang='lat'>1</span> <span class='ocrx_word' id='word_1_206' title='bbox 368 1697 439 1730; x_wconf 86' lang='lat' dir='ltr'>qua</span> <span class='ocrx_word' id='word_1_207' title='bbox 465 1692 604 1720; x_wconf 84' lang='lat' dir='ltr'>aestate</span> <span class='ocrx_word' id='word_1_208' title='bbox 632 1686 770 1719; x_wconf 88' lang='lat' dir='ltr'>Caesar</span> <span class='ocrx_word' id='word_1_209' title='bbox 793 1691 870 1719; x_wconf 89' lang='lat' dir='ltr'>tam</span> <span class='ocrx_word' id='word_1_210' title='bbox 897 1696 1069 1729; x_wconf 88' lang='lat' dir='ltr'>prospere</span> <span class='ocrx_word' id='word_1_211' title='bbox 1097 1684 1239 1719; x_wconf 89' lang='lat' dir='ltr'>Libium</span> <span class='ocrx_word' id='word_1_212' title='bbox 1267 1684 1301 1719; x_wconf 90' lang='lat' dir='ltr'>in</span> <span class='ocrx_word' id='word_1_213' title='bbox 1329 1685 1450 1720; x_wconf 87' lang='lat' dir='ltr'>Sicilia</span> <span class='ocrx_word' id='word_1_214' title='bbox 1477 1687 1533 1719; x_wconf 79' lang='grc' dir='ltr'>Βῆ</span> 
     </span>
     <span class='ocr_line' id='line_1_27' title="bbox 209 1742 1535 1788; baseline 0.002 -12"><span class='ocrx_word' id='word_1_215' title='bbox 209 1743 353 1778; x_wconf 88' lang='lat' dir='ltr'>fortuna</span> <span class='ocrx_word' id='word_1_216' title='bbox 388 1744 424 1777; x_wconf 91' lang='lat' dir='ltr'>in</span> <span class='ocrx_word' id='word_1_217' title='bbox 459 1745 616 1778; x_wconf 85' lang='lat' dir='ltr'>Caesare</span> <span class='ocrx_word' id='word_1_218' title='bbox 649 1750 684 1777; x_wconf 89' lang='lat' dir='ltr'>et</span> <span class='ocrx_word' id='word_1_219' title='bbox 719 1742 753 1777; x_wconf 91' lang='lat' dir='ltr'>in</span> <span class='ocrx_word' id='word_1_220' title='bbox 788 1755 863 1788; x_wconf 93' lang='lat' dir='ltr'>rep.</span> <span class='ocrx_word' id='word_1_221' title='bbox 896 1743 1064 1777; x_wconf 86' lang='lat' dir='ltr'>militauit</span> <span class='ocrx_word' id='word_1_222' title='bbox 1099 1743 1147 1777; x_wconf 85' lang='lat' dir='ltr'>ad</span> <span class='ocrx_word' id='word_1_223' title='bbox 1183 1743 1370 1778; x_wconf 88' lang='lat' dir='ltr'>Orientem</span> <span class='ocrx_word' id='word_1_224' title='bbox 1401 1743 1535 1788; x_wconf 89' lang='lat' dir='ltr'>quippe</span> 
     </span>
     <span class='ocr_line' id='line_1_28' title="bbox 209 1799 1535 1845; baseline 0.001 -11"><span class='ocrx_word' id='word_1_225' title='bbox 209 1800 389 1835; x_wconf 87' lang='lat' dir='ltr'>Antonius</span> <span class='ocrx_word' id='word_1_226' title='bbox 419 1813 501 1835; x_wconf 87' lang='lat' dir='ltr'>cum</span> <span class='ocrx_word' id='word_1_227' title='bbox 531 1799 622 1836; x_wconf 63' lang='lat' dir='ltr'>ffi.</span> <span class='ocrx_word' id='word_1_228' title='bbox 649 1800 852 1845; x_wconf 83' lang='lat' dir='ltr'>legionibus</span> <span class='ocrx_word' id='word_1_229' title='bbox 882 1813 1047 1845; x_wconf 84' lang='lat' dir='ltr'>egressus</span> <span class='ocrx_word' id='word_1_230' title='bbox 1078 1801 1291 1835; x_wconf 83' lang='lat' dir='ltr'>Armeniam</span> <span class='ocrx_word' id='word_1_231' title='bbox 1326 1813 1369 1835; x_wconf 86' lang='lat' dir='ltr'>ac</span> <span class='ocrx_word' id='word_1_232' title='bbox 1403 1801 1535 1835; x_wconf 90' lang='lat' dir='ltr'>deinde</span> 
     </span>
     <span class='ocr_line' id='line_1_29' title="bbox 212 1859 1533 1904; baseline 0.001 -12"><span class='ocrx_word' id='word_1_233' title='bbox 212 1859 374 1893; x_wconf 88' lang='lat' dir='ltr'>Mediam</span> <span class='ocrx_word' id='word_1_234' title='bbox 390 1866 424 1893; x_wconf 89' lang='lat' dir='ltr'>et</span> <span class='ocrx_word' id='word_1_235' title='bbox 442 1871 509 1904; x_wconf 91' lang='lat' dir='ltr'>per</span> <span class='ocrx_word' id='word_1_236' title='bbox 532 1872 594 1894; x_wconf 86' lang='lat' dir='ltr'>eas</span> <span class='ocrx_word' id='word_1_237' title='bbox 619 1859 786 1904; x_wconf 84' lang='lat' dir='ltr'>regiones</span> <span class='ocrx_word' id='word_1_238' title='bbox 803 1860 957 1894; x_wconf 71' lang='lat' dir='ltr'>Parthos</span> <span class='ocrx_word' id='word_1_239' title='bbox 976 1866 1105 1904; x_wconf 86' lang='lat' dir='ltr'>petens</span> <span class='ocrx_word' id='word_1_240' title='bbox 1125 1859 1251 1894; x_wconf 88' lang='lat' dir='ltr'>habuit</span> <span class='ocrx_word' id='word_1_241' title='bbox 1266 1871 1389 1903; x_wconf 83' lang='lat' dir='ltr'>regem</span> <span class='ocrx_word' id='word_1_242' title='bbox 1407 1871 1533 1894; x_wconf 89' lang='lat' dir='ltr'>eorum</span> 
     </span>
     <span class='ocr_line' id='line_1_30' title="bbox 208 1917 434 1952; baseline 0.004 -1"><span class='ocrx_word' id='word_1_243' title='bbox 208 1917 366 1951; x_wconf 90' lang='lat' dir='ltr'>obuium.</span> <span class='ocrx_word' id='word_1_244' title='bbox 385 1918 434 1952; x_wconf 85' lang='lat' dir='ltr'>A.</span> 
     </span>
    </p>

    <p class='ocr_par' dir='ltr' id='par_1_10' title="bbox 257 1976 576 2010">
     <span class='ocr_line' id='line_1_31' title="bbox 257 1976 576 2010; baseline 0.003 -1"><span class='ocrx_word' id='word_1_245' title='bbox 257 1977 313 2009; x_wconf 78' lang='grc' dir='ltr'>Βῆ</span> <span class='ocrx_word' id='word_1_246' title='bbox 332 1976 366 2009; x_wconf 88' lang='grc' dir='ltr'><em>Α</em></span> <span class='ocrx_word' id='word_1_247' title='bbox 385 1988 392 2010; x_wconf 90' lang='lat'><strong>:</strong></span> <span class='ocrx_word' id='word_1_248' title='bbox 421 1977 514 2010; x_wconf 87' lang='lat' dir='ltr'>bene</span> <span class='ocrx_word' id='word_1_249' title='bbox 532 1977 576 2010; x_wconf 84' lang='lat' dir='ltr'>P.</span> 
     </span>
    </p>

    <p class='ocr_par' dir='ltr' id='par_1_11' title="bbox 207 2033 1535 2481">
     <span class='ocr_line' id='line_1_32' title="bbox 255 2033 1533 2078; baseline 0.001 -12"><span class='ocrx_word' id='word_1_250' title='bbox 255 2033 404 2066; x_wconf 65' lang='lat' dir='ltr'>Libium</span> <span class='ocrx_word' id='word_1_251' title='bbox 436 2045 517 2067; x_wconf 84' lang='lat' dir='ltr'>curn</span> <span class='ocrx_word' id='word_1_252' title='bbox 544 2033 602 2067; x_wconf 82' lang='lat' dir='ltr'>uix</span> <span class='ocrx_word' id='word_1_253' title='bbox 628 2033 741 2078; x_wconf 88' lang='lat' dir='ltr'>possit</span> <span class='ocrx_word' id='word_1_254' title='bbox 767 2034 814 2068; x_wconf 85' lang='lat' dir='ltr'>ad</span> <span class='ocrx_word' id='word_1_255' title='bbox 835 2033 1047 2076; x_wconf 82' lang='lat' dir='ltr'>Lilybaeum</span> <span class='ocrx_word' id='word_1_256' title='bbox 1076 2033 1210 2075; x_wconf 82' lang='lat' dir='ltr'>referri,</span> <span class='ocrx_word' id='word_1_257' title='bbox 1228 2045 1314 2068; x_wconf 88' lang='lat' dir='ltr'>nam</span> <span class='ocrx_word' id='word_1_258' title='bbox 1340 2045 1408 2067; x_wconf 89' lang='lat' dir='ltr'>nec</span> <span class='ocrx_word' id='word_1_259' title='bbox 1436 2033 1533 2077; x_wconf 86' lang='lat' dir='ltr'>quod</span> 
     </span>
     <span class='ocr_line' id='line_1_33' title="bbox 209 2090 1534 2136; baseline 0 -13"><span class='ocrx_word' id='word_1_260' title='bbox 209 2090 400 2134; x_wconf 76' lang='lat' dir='ltr'>Appianus</span> <span class='ocrx_word' id='word_1_261' title='bbox 452 2098 574 2125; x_wconf 87' lang='lat' dir='ltr'>narrat</span> <span class='ocrx_word' id='word_1_262' title='bbox 615 2103 637 2125; x_wconf 88' lang='lat' dir='ltr'>a</span> <span class='ocrx_word' id='word_1_263' title='bbox 677 2093 760 2126; x_wconf 76' lang='lat' dir='ltr'>SeX.</span> <span class='ocrx_word' id='word_1_264' title='bbox 809 2090 986 2135; x_wconf 88' lang='lat' dir='ltr'>Pompeio</span> <span class='ocrx_word' id='word_1_265' title='bbox 1030 2091 1222 2125; x_wconf 89' lang='lat' dir='ltr'>Plennium</span> <span class='ocrx_word' id='word_1_266' title='bbox 1275 2091 1311 2123; x_wconf 83' lang='grc' dir='ltr'>ἐν</span> <span class='ocrx_word' id='word_1_267' title='bbox 1360 2091 1534 2136; x_wconf 79' lang='grc' dir='ltr'>Λιλυβαίῳ</span> 
     </span>
     <span class='ocr_line' id='line_1_34' title="bbox 209 2147 1533 2193; baseline 0.001 -12"><span class='ocrx_word' id='word_1_268' title='bbox 209 2147 416 2192; x_wconf 88' lang='lat' dir='ltr'>oppositum</span> <span class='ocrx_word' id='word_1_269' title='bbox 449 2148 585 2193; x_wconf 89' lang='lat' dir='ltr'>Lepido</span> <span class='ocrx_word' id='word_1_270' title='bbox 616 2149 675 2192; x_wconf 83' lang='lat' dir='ltr'>(B.</span> <span class='ocrx_word' id='word_1_271' title='bbox 703 2150 743 2183; x_wconf 89' lang='lat' dir='ltr'>C.</span> <span class='ocrx_word' id='word_1_272' title='bbox 766 2161 798 2182; x_wconf 89' lang='lat' dir='ltr'>v.</span> <span class='ocrx_word' id='word_1_273' title='bbox 823 2152 895 2192; x_wconf 84' lang='lat'><em>97),</em></span> <span class='ocrx_word' id='word_1_274' title='bbox 923 2155 958 2183; x_wconf 89' lang='lat' dir='ltr'>et</span> <span class='ocrx_word' id='word_1_275' title='bbox 990 2148 1074 2183; x_wconf 88' lang='lat' dir='ltr'>inde</span> <span class='ocrx_word' id='word_1_276' title='bbox 1105 2161 1186 2183; x_wconf 88' lang='lat' dir='ltr'>cum</span> <span class='ocrx_word' id='word_1_277' title='bbox 1218 2156 1300 2183; x_wconf 89' lang='lat' dir='ltr'>octo</span> <span class='ocrx_word' id='word_1_278' title='bbox 1330 2148 1533 2192; x_wconf 83' lang='lat' dir='ltr'>legionibus</span> 
     </span>
     <span class='ocr_line' id='line_1_35' title="bbox 207 2205 1534 2252; baseline 0.001 -13"><span class='ocrx_word' id='word_1_279' title='bbox 207 2205 364 2239; x_wconf 89' lang='lat' dir='ltr'>accitum</span> <span class='ocrx_word' id='word_1_280' title='bbox 391 2206 500 2249; x_wconf 59' lang='lat'>(122),</span> <span class='ocrx_word' id='word_1_281' title='bbox 527 2218 594 2241; x_wconf 87' lang='lat' dir='ltr'>nec</span> <span class='ocrx_word' id='word_1_282' title='bbox 619 2207 718 2252; x_wconf 92' lang='lat' dir='ltr'>quod</span> <span class='ocrx_word' id='word_1_283' title='bbox 746 2206 818 2240; x_wconf 94' lang='lat' dir='ltr'>Dio</span> <span class='ocrx_word' id='word_1_284' title='bbox 844 2206 953 2241; x_wconf 87' lang='lat' dir='ltr'>tradit</span> <span class='ocrx_word' id='word_1_285' title='bbox 978 2216 1033 2250; x_wconf 85' lang='lat'>49.</span> <span class='ocrx_word' id='word_1_286' title='bbox 1054 2209 1072 2241; x_wconf 85' lang='lat'>8</span> <span class='ocrx_word' id='word_1_287' title='bbox 1102 2206 1280 2252; x_wconf 89' lang='lat' dir='ltr'>Lepidum</span> <span class='ocrx_word' id='word_1_288' title='bbox 1312 2206 1405 2240; x_wconf 86' lang='lat' dir='ltr'>circa</span> <span class='ocrx_word' id='word_1_289' title='bbox 1436 2206 1534 2250; x_wconf 92' lang='lat' dir='ltr'>Lily—</span> 
     </span>
     <span class='ocr_line' id='line_1_36' title="bbox 207 2264 1534 2309; baseline 0.002 -13"><span class='ocrx_word' id='word_1_290' title='bbox 207 2264 340 2297; x_wconf 81' lang='lat' dir='ltr'>baeum</span> <span class='ocrx_word' id='word_1_291' title='bbox 375 2271 556 2298; x_wconf 87' lang='lat' dir='ltr'>moratum</span> <span class='ocrx_word' id='word_1_292' title='bbox 591 2276 672 2298; x_wconf 88' lang='lat' dir='ltr'>esse</span> <span class='ocrx_word' id='word_1_293' title='bbox 707 2271 906 2309; x_wconf 86' lang='lat' dir='ltr'>antequam</span> <span class='ocrx_word' id='word_1_294' title='bbox 943 2264 1146 2299; x_wconf 85' lang='lat' dir='ltr'>Octauiano</span> <span class='ocrx_word' id='word_1_295' title='bbox 1182 2277 1219 2299; x_wconf 91' lang='lat' dir='ltr'>se</span> <span class='ocrx_word' id='word_1_296' title='bbox 1255 2264 1429 2308; x_wconf 83' lang='lat' dir='ltr'>iungeret,</span> <span class='ocrx_word' id='word_1_297' title='bbox 1460 2265 1534 2298; x_wconf 94' lang='lat' dir='ltr'>ullo</span> 
     </span>
     <span class='ocr_line' id='line_1_37' title="bbox 208 2321 1535 2356; baseline 0.001 -2"><span class='ocrx_word' id='word_1_298' title='bbox 208 2322 318 2354; x_wconf 90' lang='lat' dir='ltr'>modo</span> <span class='ocrx_word' id='word_1_299' title='bbox 352 2329 433 2355; x_wconf 86' lang='lat' dir='ltr'>sunt</span> <span class='ocrx_word' id='word_1_300' title='bbox 465 2321 557 2356; x_wconf 88' lang='lat' dir='ltr'>tanti</span> <span class='ocrx_word' id='word_1_301' title='bbox 587 2329 625 2356; x_wconf 91' lang='lat' dir='ltr'>ut</span> <span class='ocrx_word' id='word_1_302' title='bbox 656 2322 751 2356; x_wconf 88' lang='lat' dir='ltr'>circa</span> <span class='ocrx_word' id='word_1_303' title='bbox 779 2323 876 2356; x_wconf 89' lang='lat' dir='ltr'>hunc</span> <span class='ocrx_word' id='word_1_304' title='bbox 905 2323 1023 2356; x_wconf 90' lang='lat' dir='ltr'>locum</span> <span class='ocrx_word' id='word_1_305' title='bbox 1059 2322 1211 2356; x_wconf 90' lang='lat' dir='ltr'>uictoria</span> <span class='ocrx_word' id='word_1_306' title='bbox 1240 2321 1434 2356; x_wconf 90' lang='lat' dir='ltr'>Octauiani</span> <span class='ocrx_word' id='word_1_307' title='bbox 1464 2321 1535 2356; x_wconf 89' lang='lat' dir='ltr'>dici</span> 
     </span>
     <span class='ocr_line' id='line_1_38' title="bbox 207 2378 1532 2424; baseline 0.002 -12"><span class='ocrx_word' id='word_1_308' title='bbox 207 2378 363 2422; x_wconf 86' lang='lat' dir='ltr'>potuerit</span> <span class='ocrx_word' id='word_1_309' title='bbox 391 2379 556 2420; x_wconf 87' lang='lat' dir='ltr'>stetisse;</span> <span class='ocrx_word' id='word_1_310' title='bbox 587 2380 802 2414; x_wconf 88' lang='lat' dir='ltr'>Naulochus</span> <span class='ocrx_word' id='word_1_311' title='bbox 828 2379 936 2423; x_wconf 86' lang='lat' dir='ltr'>enim,</span> <span class='ocrx_word' id='word_1_312' title='bbox 964 2379 1025 2414; x_wconf 89' lang='lat' dir='ltr'>ubi</span> <span class='ocrx_word' id='word_1_313' title='bbox 1051 2379 1177 2414; x_wconf 87' lang='lat' dir='ltr'>classis</span> <span class='ocrx_word' id='word_1_314' title='bbox 1205 2381 1285 2414; x_wconf 81' lang='lat' dir='ltr'>Sex.</span> <span class='ocrx_word' id='word_1_315' title='bbox 1314 2378 1466 2424; x_wconf 89' lang='lat' dir='ltr'>Pompei</span> <span class='ocrx_word' id='word_1_316' title='bbox 1483 2380 1532 2414; x_wconf 88' lang='lat' dir='ltr'>ad</span> 
     </span>
     <span class='ocr_line' id='line_1_39' title="bbox 207 2435 1531 2481; baseline 0.001 -11"><span class='ocrx_word' id='word_1_317' title='bbox 207 2435 373 2470; x_wconf 88' lang='lat' dir='ltr'>ultimum</span> <span class='ocrx_word' id='word_1_318' title='bbox 408 2435 552 2470; x_wconf 88' lang='lat' dir='ltr'>deuicta</span> <span class='ocrx_word' id='word_1_319' title='bbox 585 2444 651 2479; x_wconf 85' lang='lat' dir='ltr'>est,</span> <span class='ocrx_word' id='word_1_320' title='bbox 681 2436 895 2481; x_wconf 83' lang='lat' dir='ltr'>longissimo</span> <span class='ocrx_word' id='word_1_321' title='bbox 931 2437 1122 2472; x_wconf 88' lang='lat' dir='ltr'>interuallo</span> <span class='ocrx_word' id='word_1_322' title='bbox 1152 2437 1258 2472; x_wconf 89' lang='lat' dir='ltr'>abest</span> <span class='ocrx_word' id='word_1_323' title='bbox 1284 2449 1306 2471; x_wconf 87' lang='lat' dir='ltr'>a</span> <span class='ocrx_word' id='word_1_324' title='bbox 1334 2436 1531 2481; x_wconf 84' lang='lat' dir='ltr'>Lilybae03</span> 
     </span>
    </p>
   </div>
   <div class='ocr_carea' id='block_1_6' title="bbox 838 2513 897 2555">
    <p class='ocr_par' dir='ltr' id='par_1_12' title="bbox 838 2513 897 2555">
     <span class='ocr_line' id='line_1_40' title="bbox 838 2513 897 2555; baseline 0 -12"><span class='ocrx_word' id='word_1_325' title='bbox 838 2513 897 2555; x_wconf 89' lang='lat'>169</span> 
     </span>
    </p>
   </div>
  </div>
 </body>
</html>
