1799 2864
211 833 268 871 66

670 206 874 244 VELLEI
905 207 1223 246 PATERCVLI

283 314 383 353 inter
398 315 616 354 Antonium
637 316 753 355 etiam
775 325 812 356 et
833 318 1041 357 Caesarem
1062 319 1163 356 facta
1182 317 1374 365 adfinitas,
1397 331 1487 356 cum
1508 326 1610 357 esset

284 379 460 429 priuigna
489 381 638 419 Antoni
672 383 909 431 desponsata
938 382 1104 422 Caesari.
1164 384 1491 433 consulatumque
1525 383 1610 421 iniit

284 446 429 484 Caesar
443 446 567 495 pridie
583 460 700 496 quam
723 447 859 497 uiginti
879 461 1003 486 annos
1024 447 1202 498 impleret
1217 448 1373 487 decimo
1389 451 1475 486 Kal.
1493 450 1610 488 Octo-

284 509 361 547 bris
382 524 471 548 cum
494 513 642 561 collega
656 513 703 560 Q.
717 512 839 550 Pedio
860 520 949 561 post
970 513 1106 551 urbem
1123 513 1322 552 conditam
1338 513 1484 551 abhinc
1496 513 1609 551 annis

285 580 500 622 †DCCV1111,
516 584 606 614 ante
629 588 756 622 LXXII,
773 590 891 625 quam
913 584 965 623 tu,
982 578 1038 615 M.
1054 576 1194 624 Vinici,
1213 579 1459 615 consulatum
1481 576 1607 615 inires.

247 646 264 677 3
283 639 381 678 uidit
408 640 471 679 hic
497 654 623 678 annus
644 640 886 687 Ventidium,
910 654 978 690 per
1001 654 1119 690 quam
1147 642 1283 680 urbem
1309 641 1408 680 inter
1432 641 1608 692 captiuos

284 703 504 742 Picentium
531 704 570 742 in
591 704 789 754 triumpho
816 706 957 743 ductus
982 713 1072 751 erat,
1095 704 1134 742 in
1162 719 1207 743 ea
1234 708 1477 744 consularem
1504 719 1610 755 prae>

286 776 429 806 textam
451 769 676 818 iungentem
698 768 898 818 praetoria.
940 768 1044 807 idem
1066 770 1130 807 hic
1150 778 1286 819 postea
1307 770 1569 820 triumphauit.

341 836 508 872 Furente
532 833 676 872 deinde
706 834 881 872 Antonio
913 833 1106 883 simulque
1134 834 1297 884 Lepido,
1319 848 1485 884 quorum
1513 843 1610 873 uter-

285 911 372 948 que,
388 906 429 936 ut
450 898 722 948 praediximus,
740 900 872 936 hostes
888 898 1047 937 iudicati
1063 907 1182 945 erant,
1201 912 1289 936 cum
1311 900 1429 937 ambo
1450 901 1610 937 mallent

282 963 392 1001 †sibi
424 962 603 1010 nuntiari,
640 963 735 1012 quid
769 962 872 1013 passi
906 971 1046 1010 essent,
1083 977 1200 1013 quam
1236 963 1331 1013 quid
1366 963 1607 1011 meruissent,

281 1036 522 1078 repugnante
543 1030 721 1075 Caesare,
744 1030 813 1067 sed
839 1030 978 1066 frustra
1003 1030 1190 1067 aduersus
1219 1030 1329 1075 duos,
1353 1028 1607 1067 instauratum

282 1093 429 1131 Sullani
463 1093 631 1143 exempli
663 1095 821 1140 malum,
858 1093 1099 1143 proscriptio.
1159 1093 1255 1131 nihil
1290 1101 1369 1131 tam
1403 1093 1608 1143 indignum

280 1159 346 1197 illo
368 1167 543 1209 tempore
564 1159 645 1207 fuit,
664 1173 782 1209 quam
799 1161 907 1210 quod
927 1168 994 1198 aut
1015 1161 1159 1199 Caesar
1178 1159 1347 1210 aliquem
1370 1160 1609 1210 proscribere

281 1232 439 1262 coactus
461 1232 519 1262 est
538 1232 604 1262 aut
627 1224 678 1262 ab
705 1225 785 1262 ullo
816 1224 955 1264 Cicero
985 1224 1222 1274 proscriptus
1252 1232 1319 1262 est.
1378 1224 1609 1275 abscisaque

280 1291 425 1327 scelere
459 1289 609 1327 Antoni
641 1303 717 1327 uox
751 1289 909 1339 publica
943 1297 1011 1336 est,
1046 1303 1135 1327 cum
1170 1288 1252 1327 eius
1292 1290 1456 1328 salutem
1490 1303 1609 1328 nemo

280 1354 531 1401 defendisset,
573 1354 639 1404 qui
677 1368 746 1404 per
784 1362 840 1392 tot
878 1368 1002 1392 annos
1042 1362 1079 1392 et
1117 1353 1315 1403 publicam
1359 1354 1524 1392 ciuitatis
1572 1363 1610 1393 et

280 1419 471 1468 priuatam
493 1418 638 1457 ciuium
660 1420 897 1457 defenderat.
957 1418 1053 1456 nihil
1074 1426 1205 1456 tamen
1226 1418 1347 1467 egisti,
1372 1420 1427 1456 M.
1446 1419 1607 1466 Antoni,

281 1483 401 1534 (cogit
439 1483 544 1522 enim
583 1485 770 1522 excedere
809 1483 997 1533 propositi
1035 1484 1201 1522 formam
1235 1482 1361 1532 operis
1400 1497 1608 1532 erumpens

280 1548 413 1587 animo
434 1563 479 1587 ac
500 1557 658 1599 pectore
678 1548 924 1599 indignatio),
943 1548 1050 1595 nihil,
1068 1548 1240 1597 inquam,
1259 1547 1368 1597 egisti
1386 1550 1607 1587 mercedem

281 1613 547 1651 caelestissimi
587 1613 662 1652 oris
701 1622 739 1652 et
778 1613 978 1652 clarissimi
1013 1613 1149 1662 capitis
1187 1612 1329 1651 abscisi
1363 1615 1608 1651 numerando

280 1686 656 1728 auctoramentoque
676 1678 829 1716 funebri
849 1680 899 1717 ad
916 1677 1200 1716 conseruatoris
1217 1679 1419 1727 quondam
1441 1677 1493 1715 rei
1514 1678 1609 1727 pub-

280 1743 377 1781 licae
391 1743 566 1792 tantique
580 1742 751 1781 consulis
765 1742 960 1781 inritando
974 1755 1123 1780 necem.
1156 1741 1314 1791 rapuisti
1329 1750 1411 1779 tum
1427 1741 1609 1780 Ciceroni

280 1810 408 1846 lucem
439 1808 644 1846 sollicitam
679 1815 717 1846 et
747 1816 914 1846 aetatem
949 1806 1111 1845 senilem
1146 1814 1184 1844 et
1218 1805 1337 1843 uitam
1368 1805 1607 1844 miseriorem

325 1923 344 1942 2
369 1913 574 1951 desponsata
590 1912 622 1941 A
641 1923 647 1942 :
673 1912 843 1950 desponsa
860 1911 900 1950 P,
918 1911 1155 1951 quodmalcbat
1166 1910 1282 1940 Nova'k
1370 1920 1389 1949 3
1407 1920 1436 1940 x.
1455 1909 1557 1940 KAL.
1572 1910 1606 1940 A

280 1967 298 1994 4
318 1955 481 1986 Octobres
494 1955 564 1985 ΑΡ
614 1956 778 1995 collegaq.
793 1955 895 1985 Pedio
906 1955 939 1985 A
1008 1955 1129 1984 abhinc
1143 1953 1260 1983 delebat
1269 1953 1365 1983 Kritz
1431 1963 1450 1992 5
1468 1963 1609 1983 Dccvun

282 2010 449 2041 Gelenius:
466 2021 484 2040 a
497 2020 534 2040 cc
547 2020 623 2040 vnn
640 2010 673 2040 A
692 2022 698 2040 :
715 2020 855 2040 Accvmr
872 2010 906 2040 Ρ
976 2021 1079 2041 Lxxu.
1094 2010 1126 2040 A
1144 2021 1150 2040 :
1168 2020 1261 2039 Lxx11
1284 2009 1317 2039 Ρ
1401 2010 1422 2038 6
1438 2009 1609 2039 (mteVen-

280 2054 396 2084 tidium
407 2065 538 2083 erasum
549 2057 594 2083 es!
604 2054 636 2083 in
650 2054 682 2083 A
699 2055 741 2085 M.
757 2066 763 2084 ε
783 2054 818 2084 Ρ.
831 2054 1024 2084 Ventidium
1033 2054 1141 2083 Halm
1209 2054 1229 2082 8
1247 2053 1435 2091 praetoriae
1450 2052 1606 2087 Gelenius,

280 2101 316 2127 ut
325 2108 377 2136 92.
393 2108 411 2136 4
484 2108 522 2127 10
538 2108 612 2127 cum
624 2097 689 2127 BA
704 2110 710 2128 :
735 2108 834 2136 quom
852 2097 885 2127 P
951 2107 985 2127 11
1005 2097 1161 2127 nuntiare
1174 2097 1293 2126 Vahlen
1302 2097 1418 2126 Herm.
1434 2096 1512 2125 xvii.
1524 2106 1586 2134 273
1602 2106 1609 2125 z

280 2141 433 2180 imputari
451 2140 573 2179 Haase,
601 2141 690 2180 qnod
710 2141 805 2171 Krztz
829 2141 936 2181 recepit
992 2141 1194 2170 meruissent
1220 2142 1279 2170 A:
1319 2140 1541 2170 emeruissent
1558 2138 1608 2169 P:

281 2185 526 2215 demeruissent
543 2185 725 2214 Rhenanus
827 2195 865 2214 12
889 2185 1054 2215 aduersus
1071 2185 1155 2214 duos
1172 2194 1237 2213 om.
1255 2183 1287 2213 A
1392 2193 1428 2222 15
1453 2183 1540 2212 bullo
1557 2182 1609 2212 P:

280 2229 345 2258 bell
375 2228 446 2267 dcl„
472 2228 542 2258 dein
566 2228 657 2258 bullo
679 2228 711 2257 A
730 2240 736 2258 ε
764 2228 805 2258 ab
826 2228 894 2258 ullo
913 2228 1096 2258 Rhenanus
1184 2227 1397 2265 abscissaque
1415 2227 1447 2256 A
1570 2227 1608 2255 16

279 2272 420 2302 Antonii
435 2291 441 2296 -
453 2272 529 2301 Vox
545 2272 578 2301 A
671 2272 802 2310 publica
819 2272 932 2301 audita
950 2276 1001 2301 est
1017 2271 1050 2301 A
1069 2283 1075 2301 :
1100 2271 1229 2310 publica
1248 2276 1298 2300 est
1314 2270 1362 2300 P:
1381 2271 1524 2309 fortasse
1540 2279 1606 2299 non

280 2315 345 2345 iam
366 2316 432 2344 (uel
447 2316 627 2354 nusquamN
647 2315 759 2345 audita
782 2320 833 2345 est
903 2315 951 2353 Cf.
972 2315 1065 2345 Corn.
1087 2314 1200 2344 Seueri
1220 2319 1270 2354 ap.
1299 2313 1375 2345 Seu.
1401 2312 1535 2343 Suasor.
1563 2313 1603 2342 vi.

282 2369 313 2397 p.
335 2369 374 2397 37
396 2358 540 2388 Bursian
560 2358 695 2388 Publica
716 2369 782 2388 uox
807 2359 918 2388 saeuis
943 2363 1121 2388 aeternum
1146 2358 1320 2387 ommutuit
1342 2357 1443 2387 armis
1465 2366 1548 2395 qnae
1572 2356 1609 2385 de

283 2402 427 2432 Cicerone
438 2403 520 2432 dicia
535 2405 614 2432 sunt
691 2412 728 2432 21
755 2402 983 2432 scelestissimi
1001 2401 1071 2435 del..
1084 2401 1152 2431 dein
1164 2406 1321 2440 suprascr.
1335 2399 1556 2430 caelestissimi
1570 2399 1603 2429 A

280 2446 417 2475 abscissi
434 2446 467 2475 A
573 2456 613 2484 24
639 2449 713 2475 ante
729 2446 935 2475 miseriorem
954 2445 1091 2475 deletum
1108 2449 1153 2473 cst
1168 2445 1201 2474 in
1217 2444 1250 2474 A
1278 2454 1349 2474 mes
1373 2443 1446 2484 sss,
1465 2443 1522 2472 scd
1535 2453 1607 2473 mes

281 2489 312 2518 in
332 2489 393 2519 mis
411 2493 580 2519 corrcctum
598 2493 671 2520 (mle
688 2500 788 2529 quam
807 2489 942 2520 deletum
959 2492 1043 2519 essct.
1095 2488 1364 2526 Fueratjonasse
1380 2486 1595 2517 maestiorem

922 2542 959 2571 82

1633 919 1670 940 10

1632 1242 1667 1274 15

1630 1568 1669 1589 20
