<?xml version="1.0" encoding="UTF-8"?>
<!DOCTYPE html PUBLIC "-//W3C//DTD XHTML 1.0 Transitional//EN"
    "http://www.w3.org/TR/xhtml1/DTD/xhtml1-transitional.dtd">
<html xmlns="http://www.w3.org/1999/xhtml" xml:lang="en" lang="en">
 <head>
  <title>
</title>
<meta http-equiv="Content-Type" content="text/html;charset=utf-8" />
  <meta name='ocr-system' content='tesseract 3.04.00' />
  <meta name='ocr-capabilities' content='ocr_page ocr_carea ocr_par ocr_line ocrx_word'/>
</head>
<body>
  <div class='ocr_page' id='page_1' title='image "admvinciumlibrid00velluoft_0114.png"; bbox 0 0 1799 2864; ppageno 0'>
   <div class='ocr_carea' id='block_1_1' title="bbox 682 205 1234 244">
    <p class='ocr_par' dir='ltr' id='par_1_1' title="bbox 682 205 1234 244">
     <span class='ocr_line' id='line_1_1' title="bbox 682 205 1234 244; baseline -0.004 -1"><span class='ocrx_word' id='word_1_1' title='bbox 682 206 887 243; x_wconf 91' lang='lat' dir='ltr'>VELLEI</span> <span class='ocrx_word' id='word_1_2' title='bbox 918 205 1234 244; x_wconf 91' lang='lat' dir='ltr'>PATERCVLI</span> 
     </span>
    </p>
   </div>
   <div class='ocr_carea' id='block_1_2' title="bbox 259 312 1655 1205">
    <p class='ocr_par' dir='ltr' id='par_1_2' title="bbox 259 312 1655 1205">
     <span class='ocr_line' id='line_1_2' title="bbox 298 312 1621 367; baseline -0.002 -13"><span class='ocrx_word' id='word_1_3' title='bbox 298 316 426 355; x_wconf 90' lang='lat' dir='ltr'>minus</span> <span class='ocrx_word' id='word_1_4' title='bbox 456 315 656 367; x_wconf 85' lang='lat' dir='ltr'>ingeniose</span> <span class='ocrx_word' id='word_1_5' title='bbox 685 330 866 367; x_wconf 84' lang='lat' dir='ltr'>nequam,</span> <span class='ocrx_word' id='word_1_6' title='bbox 889 330 978 355; x_wconf 89' lang='lat' dir='ltr'>cum</span> <span class='ocrx_word' id='word_1_7' title='bbox 1008 316 1083 357; x_wconf 85' lang='lat' dir='ltr'>†in</span> <span class='ocrx_word' id='word_1_8' title='bbox 1112 315 1269 354; x_wconf 91' lang='lat' dir='ltr'>modica</span> <span class='ocrx_word' id='word_1_9' title='bbox 1297 314 1457 365; x_wconf 89' lang='lat' dir='ltr'>quidem</span> <span class='ocrx_word' id='word_1_10' title='bbox 1478 312 1621 352; x_wconf 89' lang='lat' dir='ltr'>seruari</span> 
     </span>
     <span class='ocr_line' id='line_1_3' title="bbox 263 377 1620 433; baseline -0.003 -15"><span class='ocrx_word' id='word_1_11' title='bbox 263 396 277 417; x_wconf 92' lang='lat'><em>2</em></span> <span class='ocrx_word' id='word_1_12' title='bbox 298 389 429 430; x_wconf 89' lang='lat' dir='ltr'>posset</span> <span class='ocrx_word' id='word_1_13' title='bbox 457 381 619 433; x_wconf 86' lang='lat' dir='ltr'><strong>(quippe</strong></span> <span class='ocrx_word' id='word_1_14' title='bbox 646 381 754 431; x_wconf 85' lang='lat' dir='ltr'>peior</span> <span class='ocrx_word' id='word_1_15' title='bbox 782 381 835 420; x_wconf 90' lang='lat' dir='ltr'>illi</span> <span class='ocrx_word' id='word_1_16' title='bbox 865 394 923 420; x_wconf 86' lang='lat' dir='ltr'>res</span> <span class='ocrx_word' id='word_1_17' title='bbox 953 380 1148 419; x_wconf 89' lang='lat' dir='ltr'>familiaris</span> <span class='ocrx_word' id='word_1_18' title='bbox 1176 394 1292 430; x_wconf 90' lang='lat' dir='ltr'>quam</span> <span class='ocrx_word' id='word_1_19' title='bbox 1318 392 1428 417; x_wconf 89' lang='lat' dir='ltr'>mens</span> <span class='ocrx_word' id='word_1_20' title='bbox 1449 377 1558 426; x_wconf 87' lang='lat' dir='ltr'>erat),</span> <span class='ocrx_word' id='word_1_21' title='bbox 1580 377 1620 414; x_wconf 92' lang='lat' dir='ltr'>in</span> 
     </span>
     <span class='ocr_line' id='line_1_4' title="bbox 298 443 1620 495; baseline -0.004 -11"><span class='ocrx_word' id='word_1_22' title='bbox 298 454 475 495; x_wconf 89' lang='lat' dir='ltr'>praetura</span> <span class='ocrx_word' id='word_1_23' title='bbox 495 459 685 484; x_wconf 89' lang='lat' dir='ltr'>nouarum</span> <span class='ocrx_word' id='word_1_24' title='bbox 703 447 920 485; x_wconf 88' lang='lat' dir='ltr'>tabularum</span> <span class='ocrx_word' id='word_1_25' title='bbox 934 454 1069 485; x_wconf 84' lang='lat' dir='ltr'>auctor</span> <span class='ocrx_word' id='word_1_26' title='bbox 1084 445 1206 484; x_wconf 84' lang='lat' dir='ltr'>extitit</span> <span class='ocrx_word' id='word_1_27' title='bbox 1220 443 1447 494; x_wconf 90' lang='lat' dir='ltr'>nequiitque</span> <span class='ocrx_word' id='word_1_28' title='bbox 1463 450 1620 481; x_wconf 88' lang='lat' dir='ltr'>senatus</span> 
     </span>
     <span class='ocr_line' id='line_1_5' title="bbox 301 507 1619 557; baseline -0.004 -8"><span class='ocrx_word' id='word_1_29' title='bbox 301 525 319 545; x_wconf 89' lang='lat'><strong>*</strong></span> <span class='ocrx_word' id='word_1_30' title='bbox 350 518 388 549; x_wconf 90' lang='lat' dir='ltr'>et</span> <span class='ocrx_word' id='word_1_31' title='bbox 417 511 646 549; x_wconf 86' lang='lat' dir='ltr'>auctoritate</span> <span class='ocrx_word' id='word_1_32' title='bbox 678 512 883 549; x_wconf 90' lang='lat' dir='ltr'>consulum</span> <span class='ocrx_word' id='word_1_33' title='bbox 911 510 1118 557; x_wconf 72' lang='lat' dir='ltr'>deterreri,</span> <span class='ocrx_word' id='word_1_34' title='bbox 1156 510 1282 548; x_wconf 92' lang='lat' dir='ltr'>accito</span> <span class='ocrx_word' id='word_1_35' title='bbox 1322 509 1439 547; x_wconf 88' lang='lat' dir='ltr'>etiam</span> <span class='ocrx_word' id='word_1_36' title='bbox 1468 507 1619 545; x_wconf 83' lang='lat' dir='ltr'>Milone</span> 
     </span>
     <span class='ocr_line' id='line_1_6' title="bbox 298 572 1655 625; baseline -0.002 -13"><span class='ocrx_word' id='word_1_37' title='bbox 298 574 441 622; x_wconf 90' lang='lat' dir='ltr'>Annio,</span> <span class='ocrx_word' id='word_1_38' title='bbox 465 575 531 625; x_wconf 92' lang='lat' dir='ltr'>qui</span> <span class='ocrx_word' id='word_1_39' title='bbox 558 589 638 613; x_wconf 92' lang='lat' dir='ltr'>non</span> <span class='ocrx_word' id='word_1_40' title='bbox 670 575 875 624; x_wconf 89' lang='lat' dir='ltr'>impetrato</span> <span class='ocrx_word' id='word_1_41' title='bbox 907 575 1032 614; x_wconf 92' lang='lat' dir='ltr'>reditu</span> <span class='ocrx_word' id='word_1_42' title='bbox 1063 574 1223 612; x_wconf 88' lang='lat' dir='ltr'>Iulianis</span> <span class='ocrx_word' id='word_1_43' title='bbox 1255 573 1427 623; x_wconf 87' lang='lat' dir='ltr'>partibus</span> <span class='ocrx_word' id='word_1_44' title='bbox 1459 572 1620 610; x_wconf 88' lang='lat' dir='ltr'>infestus</span> <span class='ocrx_word' id='word_1_45' title='bbox 1644 583 1655 589; x_wconf 86' lang='lat'>·</span> 
     </span>
     <span class='ocr_line' id='line_1_7' title="bbox 298 636 1620 688; baseline -0.003 -11"><span class='ocrx_word' id='word_1_46' title='bbox 298 647 388 686; x_wconf 88' lang='lat' dir='ltr'>erat,</span> <span class='ocrx_word' id='word_1_47' title='bbox 425 639 464 677; x_wconf 92' lang='lat' dir='ltr'>in</span> <span class='ocrx_word' id='word_1_48' title='bbox 503 640 598 679; x_wconf 83' lang='lat' dir='ltr'>urbe</span> <span class='ocrx_word' id='word_1_49' title='bbox 632 639 877 686; x_wconf 77' lang='lat' dir='ltr'>seditionem,</span> <span class='ocrx_word' id='word_1_50' title='bbox 911 639 950 676; x_wconf 92' lang='lat' dir='ltr'>in</span> <span class='ocrx_word' id='word_1_51' title='bbox 983 639 1081 688; x_wconf 87' lang='lat' dir='ltr'>agris</span> <span class='ocrx_word' id='word_1_52' title='bbox 1113 640 1218 677; x_wconf 88' lang='lat' dir='ltr'>haud</span> <span class='ocrx_word' id='word_1_53' title='bbox 1252 639 1405 677; x_wconf 86' lang='lat' dir='ltr'>occulte</span> <span class='ocrx_word' id='word_1_54' title='bbox 1437 636 1620 675; x_wconf 88' lang='lat' dir='ltr'>bellicum</span> 
     </span>
     <span class='ocr_line' id='line_1_8' title="bbox 298 702 1622 753; baseline -0.003 -11"><span class='ocrx_word' id='word_1_55' title='bbox 298 706 509 742; x_wconf 87' lang='lat' dir='ltr'>tumultum</span> <span class='ocrx_word' id='word_1_56' title='bbox 548 718 724 751; x_wconf 89' lang='lat' dir='ltr'>mouens,</span> <span class='ocrx_word' id='word_1_57' title='bbox 765 703 890 753; x_wconf 90' lang='lat' dir='ltr'>primo</span> <span class='ocrx_word' id='word_1_58' title='bbox 929 712 1148 742; x_wconf 90' lang='lat' dir='ltr'>summotus</span> <span class='ocrx_word' id='word_1_59' title='bbox 1185 717 1208 741; x_wconf 92' lang='lat' dir='ltr'>a</span> <span class='ocrx_word' id='word_1_60' title='bbox 1246 717 1285 742; x_wconf 90' lang='lat' dir='ltr'>re</span> <span class='ocrx_word' id='word_1_61' title='bbox 1322 702 1490 752; x_wconf 90' lang='lat' dir='ltr'>publica,</span> <span class='ocrx_word' id='word_1_62' title='bbox 1531 714 1622 739; x_wconf 84' lang='lat' dir='ltr'>mox</span> 
     </span>
     <span class='ocr_line' id='line_1_9' title="bbox 298 767 1622 817; baseline -0.003 -10"><span class='ocrx_word' id='word_1_63' title='bbox 298 769 567 808; x_wconf 87' lang='lat' dir='ltr'>consularibus</span> <span class='ocrx_word' id='word_1_64' title='bbox 598 769 713 807; x_wconf 89' lang='lat' dir='ltr'>armis</span> <span class='ocrx_word' id='word_1_65' title='bbox 744 778 902 807; x_wconf 89' lang='lat' dir='ltr'>auctore</span> <span class='ocrx_word' id='word_1_66' title='bbox 934 777 1071 807; x_wconf 86' lang='lat' dir='ltr'>senatu</span> <span class='ocrx_word' id='word_1_67' title='bbox 1097 768 1198 807; x_wconf 88' lang='lat' dir='ltr'>circa</span> <span class='ocrx_word' id='word_1_68' title='bbox 1217 767 1387 806; x_wconf 89' lang='lat' dir='ltr'>Thurios</span> <span class='ocrx_word' id='word_1_69' title='bbox 1414 780 1622 817; x_wconf 83' lang='lat' dir='ltr'>oppressus</span> 
     </span>
     <span class='ocr_line' id='line_1_10' title="bbox 262 832 1621 883; baseline -0.002 -11"><span class='ocrx_word' id='word_1_70' title='bbox 262 845 279 876; x_wconf 83' lang='lat'>3</span> <span class='ocrx_word' id='word_1_71' title='bbox 297 842 365 872; x_wconf 91' lang='lat' dir='ltr'>est.</span> <span class='ocrx_word' id='word_1_72' title='bbox 424 833 581 883; x_wconf 87' lang='lat' dir='ltr'>incepto</span> <span class='ocrx_word' id='word_1_73' title='bbox 602 833 683 883; x_wconf 91' lang='lat' dir='ltr'>pari</span> <span class='ocrx_word' id='word_1_74' title='bbox 703 833 838 871; x_wconf 91' lang='lat' dir='ltr'>similis</span> <span class='ocrx_word' id='word_1_75' title='bbox 858 835 1012 872; x_wconf 88' lang='lat' dir='ltr'>fortuna</span> <span class='ocrx_word' id='word_1_76' title='bbox 1034 833 1195 871; x_wconf 84' lang='lat' dir='ltr'>Milonis</span> <span class='ocrx_word' id='word_1_77' title='bbox 1215 833 1296 879; x_wconf 90' lang='lat' dir='ltr'>fuit,</span> <span class='ocrx_word' id='word_1_78' title='bbox 1319 832 1386 882; x_wconf 89' lang='lat' dir='ltr'>qui</span> <span class='ocrx_word' id='word_1_79' title='bbox 1407 834 1621 881; x_wconf 83' lang='lat' dir='ltr'>Compsam</span> 
     </span>
     <span class='ocr_line' id='line_1_11' title="bbox 298 896 1620 947; baseline -0.002 -12"><span class='ocrx_word' id='word_1_80' title='bbox 298 897 337 935; x_wconf 91' lang='lat' dir='ltr'>in</span> <span class='ocrx_word' id='word_1_81' title='bbox 360 897 538 947; x_wconf 85' lang='lat' dir='ltr'>Hirpinis</span> <span class='ocrx_word' id='word_1_82' title='bbox 559 911 791 947; x_wconf 85' lang='lat' dir='ltr'>oppugnans</span> <span class='ocrx_word' id='word_1_83' title='bbox 818 897 995 946; x_wconf 88' lang='lat' dir='ltr'>ictusque</span> <span class='ocrx_word' id='word_1_84' title='bbox 1022 897 1151 946; x_wconf 89' lang='lat' dir='ltr'>lapide</span> <span class='ocrx_word' id='word_1_85' title='bbox 1182 905 1264 934; x_wconf 90' lang='lat' dir='ltr'>tum</span> <span class='ocrx_word' id='word_1_86' title='bbox 1298 899 1337 934; x_wconf 92' lang='lat' dir='ltr'>P.</span> <span class='ocrx_word' id='word_1_87' title='bbox 1362 896 1516 942; x_wconf 92' lang='lat' dir='ltr'>Clodio,</span> <span class='ocrx_word' id='word_1_88' title='bbox 1539 904 1620 933; x_wconf 89' lang='lat' dir='ltr'>tum</span> 
     </span>
     <span class='ocr_line' id='line_1_12' title="bbox 299 960 1623 1012; baseline -0.002 -12"><span class='ocrx_word' id='word_1_89' title='bbox 299 962 454 1012; x_wconf 82' lang='lat' dir='ltr'>patriae,</span> <span class='ocrx_word' id='word_1_90' title='bbox 488 976 606 1012; x_wconf 88' lang='lat' dir='ltr'>quam</span> <span class='ocrx_word' id='word_1_91' title='bbox 637 962 754 1000; x_wconf 89' lang='lat' dir='ltr'>armis</span> <span class='ocrx_word' id='word_1_92' title='bbox 785 962 953 1011; x_wconf 88' lang='lat' dir='ltr'>petebat,</span> <span class='ocrx_word' id='word_1_93' title='bbox 985 975 1132 1011; x_wconf 89' lang='lat' dir='ltr'>poenas</span> <span class='ocrx_word' id='word_1_94' title='bbox 1163 961 1283 1007; x_wconf 87' lang='lat' dir='ltr'>dedit,</span> <span class='ocrx_word' id='word_1_95' title='bbox 1315 960 1373 998; x_wconf 89' lang='lat' dir='ltr'>uir</span> <span class='ocrx_word' id='word_1_96' title='bbox 1402 960 1555 1010; x_wconf 85' lang='lat' dir='ltr'>inquies</span> <span class='ocrx_word' id='word_1_97' title='bbox 1585 969 1623 998; x_wconf 89' lang='lat' dir='ltr'>et</span> 
     </span>
     <span class='ocr_line' id='line_1_13' title="bbox 259 1024 1623 1077; baseline -0.004 -11"><span class='ocrx_word' id='word_1_98' title='bbox 259 1049 277 1077; x_wconf 88' lang='lat'>4</span> <span class='ocrx_word' id='word_1_99' title='bbox 300 1029 397 1066; x_wconf 90' lang='lat' dir='ltr'>ultra</span> <span class='ocrx_word' id='word_1_100' title='bbox 417 1028 556 1065; x_wconf 89' lang='lat' dir='ltr'>fortem</span> <span class='ocrx_word' id='word_1_101' title='bbox 577 1026 812 1064; x_wconf 88' lang='lat' dir='ltr'>temerarius.</span> <span class='ocrx_word' id='word_1_102' title='bbox 872 1034 1065 1075; x_wconf 84' lang='lat' dir='ltr'>quatenus</span> <span class='ocrx_word' id='word_1_103' title='bbox 1085 1033 1216 1064; x_wconf 88' lang='lat' dir='ltr'>autem</span> <span class='ocrx_word' id='word_1_104' title='bbox 1236 1025 1384 1074; x_wconf 89' lang='lat' dir='ltr'>aliquid</span> <span class='ocrx_word' id='word_1_105' title='bbox 1404 1038 1450 1062; x_wconf 87' lang='lat' dir='ltr'>ex</span> <span class='ocrx_word' id='word_1_106' title='bbox 1470 1024 1623 1062; x_wconf 90' lang='lat' dir='ltr'>omissis</span> 
     </span>
     <span class='ocr_line' id='line_1_14' title="bbox 300 1089 1623 1142; baseline -0.003 -12"><span class='ocrx_word' id='word_1_107' title='bbox 300 1100 402 1142; x_wconf 89' lang='lat' dir='ltr'>peto,</span> <span class='ocrx_word' id='word_1_108' title='bbox 456 1100 612 1130; x_wconf 83' lang='lat' dir='ltr'>notetur</span> <span class='ocrx_word' id='word_1_109' title='bbox 658 1090 858 1129; x_wconf 88' lang='lat' dir='ltr'>inmodica</span> <span class='ocrx_word' id='word_1_110' title='bbox 904 1099 942 1129; x_wconf 88' lang='lat' dir='ltr'>et</span> <span class='ocrx_word' id='word_1_111' title='bbox 988 1090 1263 1140; x_wconf 88' lang='lat' dir='ltr'>intempestiua</span> <span class='ocrx_word' id='word_1_112' title='bbox 1310 1089 1485 1128; x_wconf 84' lang='lat' dir='ltr'>libertate</span> <span class='ocrx_word' id='word_1_113' title='bbox 1533 1102 1623 1127; x_wconf 90' lang='lat' dir='ltr'>usos</span> 
     </span>
     <span class='ocr_line' id='line_1_15' title="bbox 298 1155 1624 1205; baseline -0.003 -10"><span class='ocrx_word' id='word_1_114' title='bbox 298 1158 485 1195; x_wconf 90' lang='lat' dir='ltr'>aduersus</span> <span class='ocrx_word' id='word_1_115' title='bbox 534 1157 577 1195; x_wconf 88' lang='lat' dir='ltr'>C.</span> <span class='ocrx_word' id='word_1_116' title='bbox 626 1157 834 1195; x_wconf 87' lang='lat' dir='ltr'>Caesarem</span> <span class='ocrx_word' id='word_1_117' title='bbox 883 1157 1096 1194; x_wconf 90' lang='lat' dir='ltr'>Marullum</span> <span class='ocrx_word' id='word_1_118' title='bbox 1145 1155 1331 1205; x_wconf 87' lang='lat' dir='ltr'>Epidium</span> <span class='ocrx_word' id='word_1_119' title='bbox 1380 1156 1624 1203; x_wconf 84' lang='lat' dir='ltr'>Flauumque</span> 
     </span>
    </p>
   </div>
   <div class='ocr_carea' id='block_1_3' title="bbox 299 1219 1682 1270">
    <p class='ocr_par' dir='ltr' id='par_1_3' title="bbox 299 1219 1682 1270">
     <span class='ocr_line' id='line_1_16' title="bbox 299 1219 1682 1270; baseline -0.004 -10"><span class='ocrx_word' id='word_1_120' title='bbox 299 1220 523 1260; x_wconf 84' lang='lat' dir='ltr'>Caesetium</span> <span class='ocrx_word' id='word_1_121' title='bbox 545 1220 722 1259; x_wconf 89' lang='lat' dir='ltr'>tribunos</span> <span class='ocrx_word' id='word_1_122' title='bbox 743 1222 806 1270; x_wconf 90' lang='lat' dir='ltr'>pl.,</span> <span class='ocrx_word' id='word_1_123' title='bbox 825 1222 920 1259; x_wconf 89' lang='lat' dir='ltr'>dum</span> <span class='ocrx_word' id='word_1_124' title='bbox 935 1228 1101 1270; x_wconf 82' lang='lat' dir='ltr'>arguunt</span> <span class='ocrx_word' id='word_1_125' title='bbox 1121 1220 1160 1257; x_wconf 92' lang='lat' dir='ltr'>in</span> <span class='ocrx_word' id='word_1_126' title='bbox 1181 1233 1229 1258; x_wconf 88' lang='lat' dir='ltr'>eo</span> <span class='ocrx_word' id='word_1_127' title='bbox 1245 1219 1352 1269; x_wconf 85' lang='lat' dir='ltr'>regni</span> <span class='ocrx_word' id='word_1_128' title='bbox 1367 1220 1623 1265; x_wconf 88' lang='lat' dir='ltr'>uoluntatem,</span> <span class='ocrx_word' id='word_1_129' title='bbox 1668 1230 1682 1260; x_wconf 65' lang='grc'>,-</span> 
     </span>
    </p>
   </div>
   <div class='ocr_carea' id='block_1_4' title="bbox 259 1285 1627 1647">
    <p class='ocr_par' dir='ltr' id='par_1_4' title="bbox 259 1285 1627 1647">
     <span class='ocr_line' id='line_1_17' title="bbox 259 1285 1625 1335; baseline -0.001 -12"><span class='ocrx_word' id='word_1_130' title='bbox 259 1305 275 1335; x_wconf 81' lang='lat'>5</span> <span class='ocrx_word' id='word_1_131' title='bbox 299 1299 423 1335; x_wconf 89' lang='lat' dir='ltr'>paene</span> <span class='ocrx_word' id='word_1_132' title='bbox 461 1285 539 1323; x_wconf 92' lang='lat' dir='ltr'>uim</span> <span class='ocrx_word' id='word_1_133' title='bbox 582 1285 861 1324; x_wconf 88' lang='lat' dir='ltr'>dominationis</span> <span class='ocrx_word' id='word_1_134' title='bbox 900 1293 1088 1335; x_wconf 86' lang='lat' dir='ltr'>expertos.</span> <span class='ocrx_word' id='word_1_135' title='bbox 1148 1285 1187 1322; x_wconf 93' lang='lat' dir='ltr'>in</span> <span class='ocrx_word' id='word_1_136' title='bbox 1225 1286 1302 1323; x_wconf 88' lang='lat' dir='ltr'>hoc</span> <span class='ocrx_word' id='word_1_137' title='bbox 1339 1293 1471 1322; x_wconf 87' lang='lat' dir='ltr'>tamen</span> <span class='ocrx_word' id='word_1_138' title='bbox 1510 1296 1625 1333; x_wconf 88' lang='lat' dir='ltr'>saepe</span> 
     </span>
     <span class='ocr_line' id='line_1_18' title="bbox 300 1349 1626 1400; baseline -0.002 -12"><span class='ocrx_word' id='word_1_139' title='bbox 300 1350 467 1389; x_wconf 91' lang='lat' dir='ltr'>lacessiti</span> <span class='ocrx_word' id='word_1_140' title='bbox 487 1350 672 1400; x_wconf 89' lang='lat' dir='ltr'>principis</span> <span class='ocrx_word' id='word_1_141' title='bbox 702 1350 757 1388; x_wconf 90' lang='lat' dir='ltr'>ira</span> <span class='ocrx_word' id='word_1_142' title='bbox 785 1350 959 1397; x_wconf 83' lang='lat' dir='ltr'>excessit,</span> <span class='ocrx_word' id='word_1_143' title='bbox 982 1358 1024 1389; x_wconf 90' lang='lat' dir='ltr'>ut</span> <span class='ocrx_word' id='word_1_144' title='bbox 1053 1350 1229 1388; x_wconf 87' lang='lat' dir='ltr'>censoria</span> <span class='ocrx_word' id='word_1_145' title='bbox 1258 1349 1387 1399; x_wconf 90' lang='lat' dir='ltr'>potius</span> <span class='ocrx_word' id='word_1_146' title='bbox 1418 1356 1626 1387; x_wconf 88' lang='lat' dir='ltr'>contentus</span> 
     </span>
     <span class='ocr_line' id='line_1_19' title="bbox 300 1414 1627 1464; baseline -0.001 -12"><span class='ocrx_word' id='word_1_147' title='bbox 300 1424 393 1453; x_wconf 89' lang='lat' dir='ltr'>nota</span> <span class='ocrx_word' id='word_1_148' title='bbox 413 1428 531 1464; x_wconf 91' lang='lat' dir='ltr'>quarn</span> <span class='ocrx_word' id='word_1_149' title='bbox 552 1414 894 1453; x_wconf 87' lang='lat' dir='ltr'>animaduersione</span> <span class='ocrx_word' id='word_1_150' title='bbox 915 1414 1119 1453; x_wconf 85' lang='lat' dir='ltr'>dictatoria</span> <span class='ocrx_word' id='word_1_151' title='bbox 1145 1422 1411 1453; x_wconf 86' lang='lat' dir='ltr'>summoueret</span> <span class='ocrx_word' id='word_1_152' title='bbox 1442 1427 1509 1452; x_wconf 92' lang='lat' dir='ltr'>eos</span> <span class='ocrx_word' id='word_1_153' title='bbox 1538 1427 1561 1451; x_wconf 91' lang='lat' dir='ltr'>a</span> <span class='ocrx_word' id='word_1_154' title='bbox 1587 1426 1627 1451; x_wconf 88' lang='lat' dir='ltr'>re</span> 
     </span>
     <span class='ocr_line' id='line_1_20' title="bbox 299 1479 1627 1529; baseline -0.002 -12"><span class='ocrx_word' id='word_1_155' title='bbox 299 1479 456 1528; x_wconf 91' lang='lat' dir='ltr'>publica</span> <span class='ocrx_word' id='word_1_156' title='bbox 477 1487 758 1529; x_wconf 85' lang='lat' dir='ltr'>testareturque</span> <span class='ocrx_word' id='word_1_157' title='bbox 778 1493 863 1517; x_wconf 89' lang='lat' dir='ltr'>esse</span> <span class='ocrx_word' id='word_1_158' title='bbox 884 1479 957 1517; x_wconf 89' lang='lat' dir='ltr'>sibi</span> <span class='ocrx_word' id='word_1_159' title='bbox 984 1479 1254 1525; x_wconf 86' lang='lat' dir='ltr'>miserrimum,</span> <span class='ocrx_word' id='word_1_160' title='bbox 1277 1480 1385 1528; x_wconf 92' lang='lat' dir='ltr'>quod</span> <span class='ocrx_word' id='word_1_161' title='bbox 1404 1486 1471 1516; x_wconf 89' lang='lat' dir='ltr'>aut</span> <span class='ocrx_word' id='word_1_162' title='bbox 1491 1486 1627 1516; x_wconf 88' lang='lat' dir='ltr'>natura</span> 
     </span>
     <span class='ocr_line' id='line_1_21' title="bbox 299 1543 1627 1593; baseline -0.001 -11"><span class='ocrx_word' id='word_1_163' title='bbox 299 1557 368 1582; x_wconf 91' lang='lat' dir='ltr'>sua</span> <span class='ocrx_word' id='word_1_164' title='bbox 402 1544 437 1582; x_wconf 90' lang='lat' dir='ltr'>ei</span> <span class='ocrx_word' id='word_1_165' title='bbox 467 1546 737 1583; x_wconf 83' lang='lat' dir='ltr'>excedendum</span> <span class='ocrx_word' id='word_1_166' title='bbox 768 1546 867 1582; x_wconf 91' lang='lat' dir='ltr'>foret</span> <span class='ocrx_word' id='word_1_167' title='bbox 897 1552 963 1583; x_wconf 87' lang='lat' dir='ltr'>aut</span> <span class='ocrx_word' id='word_1_168' title='bbox 994 1544 1208 1583; x_wconf 90' lang='lat' dir='ltr'>minuenda</span> <span class='ocrx_word' id='word_1_169' title='bbox 1241 1543 1418 1593; x_wconf 83' lang='lat' dir='ltr'>dignitas.</span> <span class='ocrx_word' id='word_1_170' title='bbox 1478 1545 1547 1582; x_wconf 91' lang='lat' dir='ltr'>sed</span> <span class='ocrx_word' id='word_1_171' title='bbox 1576 1544 1627 1581; x_wconf 90' lang='lat' dir='ltr'>ad</span> 
     </span>
     <span class='ocr_line' id='line_1_22' title="bbox 300 1608 864 1647; baseline 0.002 -1"><span class='ocrx_word' id='word_1_172' title='bbox 300 1608 479 1646; x_wconf 89' lang='lat' dir='ltr'>ordinem</span> <span class='ocrx_word' id='word_1_173' title='bbox 501 1611 775 1647; x_wconf 89' lang='lat' dir='ltr'>reuertendum</span> <span class='ocrx_word' id='word_1_174' title='bbox 797 1616 864 1647; x_wconf 86' lang='lat' dir='ltr'>est.</span> 
     </span>
    </p>
   </div>
   <div class='ocr_carea' id='block_1_5' title="bbox 227 1671 1628 1788">
    <p class='ocr_par' dir='ltr' id='par_1_5' title="bbox 227 1671 1628 1788">
     <span class='ocr_line' id='line_1_23' title="bbox 227 1671 1628 1719; baseline 0.001 -11"><span class='ocrx_word' id='word_1_175' title='bbox 227 1671 283 1717; x_wconf 88' lang='grc'>69</span> <span class='ocrx_word' id='word_1_176' title='bbox 358 1675 442 1711; x_wconf 88' lang='lat' dir='ltr'>Iam</span> <span class='ocrx_word' id='word_1_177' title='bbox 464 1682 501 1711; x_wconf 87' lang='lat' dir='ltr'>et</span> <span class='ocrx_word' id='word_1_178' title='bbox 529 1674 737 1712; x_wconf 89' lang='lat' dir='ltr'>Dolabella</span> <span class='ocrx_word' id='word_1_179' title='bbox 762 1673 801 1711; x_wconf 90' lang='lat' dir='ltr'>in</span> <span class='ocrx_word' id='word_1_180' title='bbox 831 1674 925 1712; x_wconf 91' lang='lat' dir='ltr'>Asia</span> <span class='ocrx_word' id='word_1_181' title='bbox 955 1675 997 1713; x_wconf 93' lang='lat' dir='ltr'>C.</span> <span class='ocrx_word' id='word_1_182' title='bbox 1021 1673 1264 1712; x_wconf 88' lang='lat' dir='ltr'>Trebonium</span> <span class='ocrx_word' id='word_1_183' title='bbox 1286 1674 1542 1719; x_wconf 89' lang='lat' dir='ltr'>consularem,</span> <span class='ocrx_word' id='word_1_184' title='bbox 1565 1672 1628 1711; x_wconf 85' lang='lat' dir='ltr'>cui</span> 
     </span>
     <span class='ocr_line' id='line_1_24' title="bbox 301 1737 1627 1788; baseline 0 -13"><span class='ocrx_word' id='word_1_185' title='bbox 301 1739 548 1785; x_wconf 87' lang='lat' dir='ltr'>succedebat,</span> <span class='ocrx_word' id='word_1_186' title='bbox 585 1740 719 1777; x_wconf 89' lang='lat' dir='ltr'>fraude</span> <span class='ocrx_word' id='word_1_187' title='bbox 758 1740 968 1788; x_wconf 90' lang='lat' dir='ltr'>deceptum</span> <span class='ocrx_word' id='word_1_188' title='bbox 1016 1740 1206 1788; x_wconf 87' lang='lat' dir='ltr'>Zmyrnae</span> <span class='ocrx_word' id='word_1_189' title='bbox 1253 1738 1459 1784; x_wconf 86' lang='lat' dir='ltr'>occiderat,</span> <span class='ocrx_word' id='word_1_190' title='bbox 1500 1737 1627 1775; x_wconf 89' lang='lat' dir='ltr'>uirum</span> 
     </span>
    </p>
   </div>
   <div class='ocr_carea' id='block_1_6' title="bbox 298 1842 1630 2447">
    <p class='ocr_par' dir='ltr' id='par_1_6' title="bbox 298 1842 1630 2447">
     <span class='ocr_line' id='line_1_25' title="bbox 346 1842 1627 1881; baseline -0.001 -9"><span class='ocrx_word' id='word_1_191' title='bbox 346 1852 359 1872; x_wconf 90' lang='lat'>1</span> <span class='ocrx_word' id='word_1_192' title='bbox 382 1852 455 1872; x_wconf 89' lang='lat' dir='ltr'>curn</span> <span class='ocrx_word' id='word_1_193' title='bbox 472 1843 615 1872; x_wconf 75' lang='lat' dir='ltr'>imodica</span> <span class='ocrx_word' id='word_1_194' title='bbox 631 1842 678 1881; x_wconf 63' lang='lat' dir='ltr'>(in</span> <span class='ocrx_word' id='word_1_195' title='bbox 697 1843 827 1873; x_wconf 88' lang='lat' dir='ltr'>modica</span> <span class='ocrx_word' id='word_1_196' title='bbox 839 1842 883 1881; x_wconf 82' lang='lat' dir='ltr'>P)</span> <span class='ocrx_word' id='word_1_197' title='bbox 903 1843 1039 1881; x_wconf 89' lang='lat' dir='ltr'>quidem</span> <span class='ocrx_word' id='word_1_198' title='bbox 1056 1842 1185 1872; x_wconf 88' lang='lat' dir='ltr'>seruari</span> <span class='ocrx_word' id='word_1_199' title='bbox 1204 1842 1415 1881; x_wconf 88' lang='lat' dir='ltr'>possetAP:</span> <span class='ocrx_word' id='word_1_200' title='bbox 1439 1852 1481 1871; x_wconf 88' lang='lat' dir='ltr'>ne</span> <span class='ocrx_word' id='word_1_201' title='bbox 1499 1842 1627 1872; x_wconf 77' lang='lat' dir='ltr'>modica</span> 
     </span>
     <span class='ocr_line' id='line_1_26' title="bbox 299 1885 1628 1925; baseline 0.001 -11"><span class='ocrx_word' id='word_1_202' title='bbox 299 1885 435 1923; x_wconf 92' lang='lat' dir='ltr'>quidem</span> <span class='ocrx_word' id='word_1_203' title='bbox 464 1896 500 1915; x_wconf 90' lang='lat' dir='ltr'>re</span> <span class='ocrx_word' id='word_1_204' title='bbox 523 1885 657 1916; x_wconf 83' lang='lat' dir='ltr'>Aldus:</span> <span class='ocrx_word' id='word_1_205' title='bbox 690 1896 732 1916; x_wconf 91' lang='lat' dir='ltr'>ne</span> <span class='ocrx_word' id='word_1_206' title='bbox 757 1887 889 1916; x_wconf 90' lang='lat' dir='ltr'>modico</span> <span class='ocrx_word' id='word_1_207' title='bbox 915 1885 1051 1925; x_wconf 90' lang='lat' dir='ltr'>quidem</span> <span class='ocrx_word' id='word_1_208' title='bbox 1076 1886 1205 1916; x_wconf 87' lang='lat' dir='ltr'>seruari</span> <span class='ocrx_word' id='word_1_209' title='bbox 1232 1897 1263 1925; x_wconf 95' lang='lat' dir='ltr'>p.</span> <span class='ocrx_word' id='word_1_210' title='bbox 1295 1885 1395 1916; x_wconf 83' lang='lat' dir='ltr'>Voss:</span> <span class='ocrx_word' id='word_1_211' title='bbox 1430 1896 1471 1915; x_wconf 92' lang='lat' dir='ltr'>ne</span> <span class='ocrx_word' id='word_1_212' title='bbox 1497 1886 1628 1915; x_wconf 90' lang='lat' dir='ltr'>modica</span> 
     </span>
     <span class='ocr_line' id='line_1_27' title="bbox 300 1929 1627 1968; baseline 0 -10"><span class='ocrx_word' id='word_1_213' title='bbox 300 1929 435 1967; x_wconf 88' lang='lat' dir='ltr'>quidem</span> <span class='ocrx_word' id='word_1_214' title='bbox 461 1939 598 1959; x_wconf 89' lang='lat' dir='ltr'>seruare</span> <span class='ocrx_word' id='word_1_215' title='bbox 626 1939 655 1968; x_wconf 87' lang='lat' dir='ltr'>p.</span> <span class='ocrx_word' id='word_1_216' title='bbox 684 1930 870 1960; x_wconf 72' lang='lat' dir='ltr'>Froelzliclz:</span> <span class='ocrx_word' id='word_1_217' title='bbox 907 1940 950 1959; x_wconf 87' lang='lat' dir='ltr'>ne</span> <span class='ocrx_word' id='word_1_218' title='bbox 984 1940 1025 1960; x_wconf 90' lang='lat' dir='ltr'>m.</span> <span class='ocrx_word' id='word_1_219' title='bbox 1052 1940 1082 1968; x_wconf 92' lang='lat' dir='ltr'>q.</span> <span class='ocrx_word' id='word_1_220' title='bbox 1109 1930 1243 1959; x_wconf 85' lang='lat' dir='ltr'>soluere</span> <span class='ocrx_word' id='word_1_221' title='bbox 1270 1940 1300 1968; x_wconf 89' lang='lat' dir='ltr'>p.</span> <span class='ocrx_word' id='word_1_222' title='bbox 1329 1929 1497 1959; x_wconf 76' lang='lat' dir='ltr'>Laurent:</span> <span class='ocrx_word' id='word_1_223' title='bbox 1521 1939 1565 1959; x_wconf 87' lang='lat' dir='ltr'>ne</span> <span class='ocrx_word' id='word_1_224' title='bbox 1593 1929 1627 1958; x_wconf 90' lang='lat' dir='ltr'>in</span> 
     </span>
     <span class='ocr_line' id='line_1_28' title="bbox 300 1972 1628 2013; baseline 0.001 -11"><span class='ocrx_word' id='word_1_225' title='bbox 300 1973 430 2002; x_wconf 90' lang='lat' dir='ltr'>modica</span> <span class='ocrx_word' id='word_1_226' title='bbox 444 1973 578 2011; x_wconf 88' lang='lat' dir='ltr'>quidem</span> <span class='ocrx_word' id='word_1_227' title='bbox 594 1973 660 2002; x_wconf 88' lang='lat' dir='ltr'>fide</span> <span class='ocrx_word' id='word_1_228' title='bbox 674 1973 802 2003; x_wconf 88' lang='lat' dir='ltr'>seruari</span> <span class='ocrx_word' id='word_1_229' title='bbox 815 1984 844 2012; x_wconf 91' lang='lat' dir='ltr'>p.</span> <span class='ocrx_word' id='word_1_230' title='bbox 859 1972 1019 2013; x_wconf 79' lang='lat' dir='ltr'>Maduig:</span> <span class='ocrx_word' id='word_1_231' title='bbox 1037 1973 1181 2011; x_wconf 75' lang='lat' dir='ltr'>fortasse</span> <span class='ocrx_word' id='word_1_232' title='bbox 1194 1984 1235 2003; x_wconf 91' lang='lat' dir='ltr'>ne</span> <span class='ocrx_word' id='word_1_233' title='bbox 1248 1983 1290 2002; x_wconf 90' lang='lat' dir='ltr'>m.</span> <span class='ocrx_word' id='word_1_234' title='bbox 1303 1983 1332 2011; x_wconf 91' lang='lat' dir='ltr'>q.</span> <span class='ocrx_word' id='word_1_235' title='bbox 1345 1973 1481 2002; x_wconf 88' lang='lat' dir='ltr'>soluere</span> <span class='ocrx_word' id='word_1_236' title='bbox 1498 1983 1535 2003; x_wconf 91' lang='lat' dir='ltr'>ae</span> <span class='ocrx_word' id='word_1_237' title='bbox 1552 1983 1579 2002; x_wconf 88' lang='lat' dir='ltr'>s.</span> <span class='ocrx_word' id='word_1_238' title='bbox 1594 1983 1628 2011; x_wconf 89' lang='lat' dir='ltr'>p.</span> 
     </span>
     <span class='ocr_line' id='line_1_29' title="bbox 298 2016 1628 2055; baseline 0 -10"><span class='ocrx_word' id='word_1_239' title='bbox 298 2025 318 2054; x_wconf 86' lang='lat'><strong>3</strong></span> <span class='ocrx_word' id='word_1_240' title='bbox 342 2022 482 2046; x_wconf 87' lang='lat' dir='ltr'>senatus</span> <span class='ocrx_word' id='word_1_241' title='bbox 517 2021 549 2046; x_wconf 89' lang='lat' dir='ltr'>et</span> <span class='ocrx_word' id='word_1_242' title='bbox 585 2017 785 2046; x_wconf 85' lang='lat' dir='ltr'>auctoritate</span> <span class='ocrx_word' id='word_1_243' title='bbox 817 2016 960 2047; x_wconf 70' lang='lat' dir='ltr'>consulu</span> <span class='ocrx_word' id='word_1_244' title='bbox 994 2016 1135 2055; x_wconf 45' lang='lat' dir='ltr'>4COSS.</span> <span class='ocrx_word' id='word_1_245' title='bbox 1163 2016 1208 2050; x_wconf 76' lang='lat' dir='ltr'>P)</span> <span class='ocrx_word' id='word_1_246' title='bbox 1235 2016 1325 2046; x_wconf 80' lang='grc' dir='ltr'>ΑΡ;</span> <span class='ocrx_word' id='word_1_247' title='bbox 1355 2017 1468 2055; x_wconf 77' lang='lat' dir='ltr'>scrz&#39;pSi</span> <span class='ocrx_word' id='word_1_248' title='bbox 1489 2022 1628 2046; x_wconf 86' lang='lat' dir='ltr'>senatus</span> 
     </span>
     <span class='ocr_line' id='line_1_30' title="bbox 300 2058 1625 2099; baseline 0 -11"><span class='ocrx_word' id='word_1_249' title='bbox 300 2059 466 2090; x_wconf 82' lang='lat' dir='ltr'>decretis:</span> <span class='ocrx_word' id='word_1_250' title='bbox 492 2070 518 2090; x_wconf 87' lang='lat' dir='ltr'>s.</span> <span class='ocrx_word' id='word_1_251' title='bbox 538 2065 570 2090; x_wconf 86' lang='lat' dir='ltr'>et</span> <span class='ocrx_word' id='word_1_252' title='bbox 587 2060 736 2090; x_wconf 89' lang='lat' dir='ltr'>consulis</span> <span class='ocrx_word' id='word_1_253' title='bbox 752 2071 780 2090; x_wconf 90' lang='lat' dir='ltr'>a.</span> <span class='ocrx_word' id='word_1_254' title='bbox 802 2060 939 2090; x_wconf 81' lang='lat' dir='ltr'>Cludius</span> <span class='ocrx_word' id='word_1_255' title='bbox 1063 2069 1082 2098; x_wconf 88' lang='lat'><strong>5</strong></span> <span class='ocrx_word' id='word_1_256' title='bbox 1122 2060 1302 2099; x_wconf 86' lang='lat' dir='ltr'>impetrato</span> <span class='ocrx_word' id='word_1_257' title='bbox 1319 2059 1366 2090; x_wconf 83' lang='lat' dir='ltr'>P:</span> <span class='ocrx_word' id='word_1_258' title='bbox 1393 2060 1577 2098; x_wconf 88' lang='lat' dir='ltr'>imperator</span> <span class='ocrx_word' id='word_1_259' title='bbox 1591 2058 1625 2088; x_wconf 89' lang='lat' dir='ltr'><em>A</em></span> 
     </span>
     <span class='ocr_line' id='line_1_31' title="bbox 298 2102 1628 2142; baseline -0.001 -10"><span class='ocrx_word' id='word_1_260' title='bbox 298 2104 319 2132; x_wconf 89' lang='lat'><strong>6</strong></span> <span class='ocrx_word' id='word_1_261' title='bbox 343 2103 374 2132; x_wconf 91' lang='lat' dir='ltr'>in</span> <span class='ocrx_word' id='word_1_262' title='bbox 393 2103 482 2141; x_wconf 83' lang='lat' dir='ltr'>agris</span> <span class='ocrx_word' id='word_1_263' title='bbox 500 2103 588 2133; x_wconf 87' lang='lat' dir='ltr'>haud</span> <span class='ocrx_word' id='word_1_264' title='bbox 606 2104 736 2134; x_wconf 86' lang='lat' dir='ltr'>occulte</span> <span class='ocrx_word' id='word_1_265' title='bbox 753 2103 937 2133; x_wconf 78' lang='lat' dir='ltr'>Mommsen</span> <span class='ocrx_word' id='word_1_266' title='bbox 1028 2103 1116 2133; x_wconf 90' lang='lat' dir='ltr'>haud</span> <span class='ocrx_word' id='word_1_267' title='bbox 1142 2104 1247 2142; x_wconf 82' lang='lat' dir='ltr'>magis</span> <span class='ocrx_word' id='word_1_268' title='bbox 1273 2103 1402 2133; x_wconf 87' lang='lat' dir='ltr'>occulte</span> <span class='ocrx_word' id='word_1_269' title='bbox 1418 2102 1505 2134; x_wconf 89' lang='grc' dir='ltr'>ΑΡ;</span> <span class='ocrx_word' id='word_1_270' title='bbox 1538 2108 1571 2132; x_wconf 90' lang='lat' dir='ltr'>at</span> <span class='ocrx_word' id='word_1_271' title='bbox 1594 2103 1628 2132; x_wconf 90' lang='lat' dir='ltr'>in</span> 
     </span>
     <span class='ocr_line' id='line_1_32' title="bbox 299 2146 1628 2186; baseline 0 -10"><span class='ocrx_word' id='word_1_272' title='bbox 299 2147 386 2183; x_wconf 79' lang='lat' dir='ltr'>agris</span> <span class='ocrx_word' id='word_1_273' title='bbox 409 2157 439 2177; x_wconf 92' lang='lat' dir='ltr'>o.</span> <span class='ocrx_word' id='word_1_274' title='bbox 458 2147 590 2186; x_wconf 81' lang='lat' dir='ltr'>Lipsius</span> <span class='ocrx_word' id='word_1_275' title='bbox 715 2148 734 2176; x_wconf 88' lang='lat'>8</span> <span class='ocrx_word' id='word_1_276' title='bbox 757 2147 878 2177; x_wconf 88' lang='lat' dir='ltr'>Turios</span> <span class='ocrx_word' id='word_1_277' title='bbox 894 2146 965 2176; x_wconf 88' lang='grc' dir='ltr'>ΑΡ</span> <span class='ocrx_word' id='word_1_278' title='bbox 1075 2157 1096 2185; x_wconf 87' lang='lat'>9</span> <span class='ocrx_word' id='word_1_279' title='bbox 1120 2147 1153 2176; x_wconf 90' lang='lat' dir='ltr'>in</span> <span class='ocrx_word' id='word_1_280' title='bbox 1171 2147 1243 2178; x_wconf 79' lang='lat' dir='ltr'>add.</span> <span class='ocrx_word' id='word_1_281' title='bbox 1263 2146 1425 2186; x_wconf 60' lang='lat' dir='ltr'>Matinigz</span> <span class='ocrx_word' id='word_1_282' title='bbox 1456 2147 1489 2175; x_wconf 91' lang='lat' dir='ltr'>in</span> <span class='ocrx_word' id='word_1_283' title='bbox 1507 2151 1628 2185; x_wconf 86' lang='lat' dir='ltr'>coepto</span> 
     </span>
     <span class='ocr_line' id='line_1_33' title="bbox 304 2189 1628 2229; baseline -0.001 -10"><span class='ocrx_word' id='word_1_284' title='bbox 304 2189 385 2219; x_wconf 83' lang='lat' dir='ltr'>Voss</span> <span class='ocrx_word' id='word_1_285' title='bbox 540 2200 578 2220; x_wconf 91' lang='lat'>10</span> <span class='ocrx_word' id='word_1_286' title='bbox 604 2190 727 2229; x_wconf 84' lang='lat' dir='ltr'>Irpinis</span> <span class='ocrx_word' id='word_1_287' title='bbox 752 2190 824 2220; x_wconf 87' lang='grc' dir='ltr'>ΑΡ</span> <span class='ocrx_word' id='word_1_288' title='bbox 952 2196 1022 2221; x_wconf 89' lang='lat' dir='ltr'>tum</span> <span class='ocrx_word' id='word_1_289' title='bbox 1041 2190 1075 2220; x_wconf 90' lang='lat' dir='ltr'>P.</span> <span class='ocrx_word' id='word_1_290' title='bbox 1094 2190 1183 2220; x_wconf 85' lang='grc' dir='ltr'>ΑΡ;</span> <span class='ocrx_word' id='word_1_291' title='bbox 1208 2200 1284 2220; x_wconf 89' lang='lat' dir='ltr'>cum</span> <span class='ocrx_word' id='word_1_292' title='bbox 1303 2190 1337 2219; x_wconf 90' lang='lat' dir='ltr'>P.</span> <span class='ocrx_word' id='word_1_293' title='bbox 1360 2189 1462 2220; x_wconf 75' lang='lat' dir='ltr'>Orelli</span> <span class='ocrx_word' id='word_1_294' title='bbox 1591 2199 1628 2218; x_wconf 84' lang='lat'>12</span> 
     </span>
     <span class='ocr_line' id='line_1_34' title="bbox 300 2232 1630 2272; baseline 0 -10"><span class='ocrx_word' id='word_1_295' title='bbox 300 2233 419 2263; x_wconf 87' lang='lat' dir='ltr'>fortem</span> <span class='ocrx_word' id='word_1_296' title='bbox 438 2233 470 2262; x_wconf 89' lang='grc' dir='ltr'><em>Β</em></span> <span class='ocrx_word' id='word_1_297' title='bbox 485 2237 513 2262; x_wconf 80' lang='lat' dir='ltr'>et</span> <span class='ocrx_word' id='word_1_298' title='bbox 527 2234 571 2264; x_wconf 80' lang='lat' dir='ltr'>sic</span> <span class='ocrx_word' id='word_1_299' title='bbox 584 2233 617 2263; x_wconf 98' lang='lat' dir='ltr'><em>A</em></span> <span class='ocrx_word' id='word_1_300' title='bbox 639 2238 673 2263; x_wconf 81' lang='lat' dir='ltr'>ut</span> <span class='ocrx_word' id='word_1_301' title='bbox 690 2234 773 2263; x_wconf 81' lang='lat' dir='ltr'>miln&#39;</span> <span class='ocrx_word' id='word_1_302' title='bbox 788 2234 898 2264; x_wconf 77' lang='lat' dir='ltr'>uisum</span> <span class='ocrx_word' id='word_1_303' title='bbox 915 2238 976 2264; x_wconf 80' lang='lat' dir='ltr'>est:</span> <span class='ocrx_word' id='word_1_304' title='bbox 1003 2233 1128 2265; x_wconf 80' lang='lat' dir='ltr'>sortem</span> <span class='ocrx_word' id='word_1_305' title='bbox 1145 2233 1178 2263; x_wconf 86' lang='lat' dir='ltr'><em>P</em></span> <span class='ocrx_word' id='word_1_306' title='bbox 1281 2243 1319 2271; x_wconf 85' lang='lat'>13</span> <span class='ocrx_word' id='word_1_307' title='bbox 1337 2238 1453 2272; x_wconf 82' lang='lat' dir='ltr'>repeto</span> <span class='ocrx_word' id='word_1_308' title='bbox 1470 2232 1630 2263; x_wconf 62' lang='lat' dir='ltr'>Heinsius</span> 
     </span>
     <span class='ocr_line' id='line_1_35' title="bbox 298 2275 1626 2315; baseline -0.001 -9"><span class='ocrx_word' id='word_1_309' title='bbox 298 2277 443 2307; x_wconf 84' lang='lat' dir='ltr'>imodica</span> <span class='ocrx_word' id='word_1_310' title='bbox 467 2276 501 2307; x_wconf 88' lang='lat' dir='ltr'><em>A</em></span> <span class='ocrx_word' id='word_1_311' title='bbox 638 2286 676 2315; x_wconf 89' lang='lat'>15</span> <span class='ocrx_word' id='word_1_312' title='bbox 701 2287 788 2307; x_wconf 84' lang='lat' dir='ltr'>caese</span> <span class='ocrx_word' id='word_1_313' title='bbox 817 2278 916 2307; x_wconf 89' lang='lat' dir='ltr'>etiam</span> <span class='ocrx_word' id='word_1_314' title='bbox 944 2277 1033 2307; x_wconf 76' lang='grc' dir='ltr'>ΑΡ;</span> <span class='ocrx_word' id='word_1_315' title='bbox 1067 2278 1260 2308; x_wconf 86' lang='lat' dir='ltr'>Caesetium</span> <span class='ocrx_word' id='word_1_316' title='bbox 1283 2276 1317 2306; x_wconf 86' lang='lat' dir='ltr'><strong><em>B</em></strong></span> <span class='ocrx_word' id='word_1_317' title='bbox 1404 2276 1477 2308; x_wconf 84' lang='lat' dir='ltr'>TR.</span> <span class='ocrx_word' id='word_1_318' title='bbox 1503 2276 1568 2306; x_wconf 89' lang='lat' dir='ltr'>PL.</span> <span class='ocrx_word' id='word_1_319' title='bbox 1592 2275 1626 2305; x_wconf 91' lang='lat' dir='ltr'><em>A</em></span> 
     </span>
     <span class='ocr_line' id='line_1_36' title="bbox 301 2319 1628 2359; baseline 0 -10"><span class='ocrx_word' id='word_1_320' title='bbox 301 2320 401 2350; x_wconf 89' lang='lat' dir='ltr'>duum</span> <span class='ocrx_word' id='word_1_321' title='bbox 418 2320 452 2350; x_wconf 90' lang='lat' dir='ltr'><em>A</em></span> <span class='ocrx_word' id='word_1_322' title='bbox 594 2322 631 2350; x_wconf 92' lang='lat'>16</span> <span class='ocrx_word' id='word_1_323' title='bbox 656 2331 755 2359; x_wconf 84' lang='lat' dir='ltr'>paene</span> <span class='ocrx_word' id='word_1_324' title='bbox 780 2321 847 2350; x_wconf 91' lang='lat' dir='ltr'>uim</span> <span class='ocrx_word' id='word_1_325' title='bbox 873 2321 1063 2351; x_wconf 85' lang='lat' dir='ltr'>domitianis</span> <span class='ocrx_word' id='word_1_326' title='bbox 1086 2320 1120 2350; x_wconf 90' lang='lat' dir='ltr'><em>A</em></span> <span class='ocrx_word' id='word_1_327' title='bbox 1236 2326 1347 2351; x_wconf 87' lang='lat' dir='ltr'>tamen</span> <span class='ocrx_word' id='word_1_328' title='bbox 1371 2319 1458 2351; x_wconf 84' lang='grc' dir='ltr'>ΑΡ;</span> <span class='ocrx_word' id='word_1_329' title='bbox 1499 2324 1628 2349; x_wconf 87' lang='lat' dir='ltr'>tantum</span> 
     </span>
     <span class='ocr_line' id='line_1_37' title="bbox 299 2362 1626 2404; baseline 0 -12"><span class='ocrx_word' id='word_1_330' title='bbox 299 2363 395 2393; x_wconf 74' lang='lat' dir='ltr'>Kritz</span> <span class='ocrx_word' id='word_1_331' title='bbox 541 2374 578 2402; x_wconf 92' lang='lat'>17</span> <span class='ocrx_word' id='word_1_332' title='bbox 604 2365 749 2394; x_wconf 83' lang='lat' dir='ltr'>excessit</span> <span class='ocrx_word' id='word_1_333' title='bbox 780 2364 868 2394; x_wconf 77' lang='grc' dir='ltr'>ΑΡ;</span> <span class='ocrx_word' id='word_1_334' title='bbox 909 2365 1034 2395; x_wconf 87' lang='lat' dir='ltr'>exarsit</span> <span class='ocrx_word' id='word_1_335' title='bbox 1071 2364 1230 2404; x_wconf 77' lang='lat' dir='ltr'>lVopkens</span> <span class='ocrx_word' id='word_1_336' title='bbox 1317 2367 1532 2403; x_wconf 85' lang='lat' dir='ltr'>contemptus</span> <span class='ocrx_word' id='word_1_337' title='bbox 1560 2362 1626 2392; x_wconf 83' lang='lat' dir='ltr'>BA</span> 
     </span>
     <span class='ocr_line' id='line_1_38' title="bbox 302 2406 1342 2447; baseline 0.001 -11"><span class='ocrx_word' id='word_1_338' title='bbox 302 2416 343 2446; x_wconf 87' lang='lat'>23</span> <span class='ocrx_word' id='word_1_339' title='bbox 367 2408 588 2438; x_wconf 85' lang='lat' dir='ltr'>succensebat</span> <span class='ocrx_word' id='word_1_340' title='bbox 605 2407 768 2438; x_wconf 77' lang='lat' dir='ltr'>Ruhnken</span> <span class='ocrx_word' id='word_1_341' title='bbox 858 2407 1026 2447; x_wconf 85' lang='lat' dir='ltr'>Zmyrnae</span> <span class='ocrx_word' id='word_1_342' title='bbox 1042 2408 1076 2438; x_wconf 88' lang='lat' dir='ltr'><em>A</em></span> <span class='ocrx_word' id='word_1_343' title='bbox 1091 2419 1097 2440; x_wconf 94' lang='lat'><strong>:</strong></span> <span class='ocrx_word' id='word_1_344' title='bbox 1126 2408 1291 2447; x_wconf 84' lang='lat' dir='ltr'>Smyrnae</span> <span class='ocrx_word' id='word_1_345' title='bbox 1308 2406 1342 2437; x_wconf 86' lang='lat' dir='ltr'><em>P</em></span> 
     </span>
    </p>
   </div>
   <div class='ocr_carea' id='block_1_7' title="bbox 946 2510 986 2549">
    <p class='ocr_par' dir='ltr' id='par_1_7' title="bbox 946 2510 986 2549">
     <span class='ocr_line' id='line_1_39' title="bbox 946 2510 986 2549; baseline 0 0"><span class='ocrx_word' id='word_1_346' title='bbox 946 2510 986 2549; x_wconf 81' lang='lat'>84</span> 
     </span>
    </p>
   </div>
  </div>
 </body>
</html>
