1799 2864
222 1921 273 1967 83

673 189 878 226 VELLEI
909 187 1226 226 PATERCVLI

289 298 435 349 quippe
456 298 652 337 Antonius
674 313 763 337 cum
784 311 862 336 x111
884 298 1103 348 legionibus
1123 311 1298 348 egressus
1320 296 1547 335 Armeniam
1567 310 1613 335 ac

289 364 434 403 deinde
467 364 644 402 Mediam
675 372 713 402 et
744 377 812 413 per
837 377 902 401 eas
929 362 1105 412 regiones
1133 363 1296 400 Parthos
1318 370 1454 411 petens
1476 360 1613 399 habuit

255 444 268 464 2
289 442 419 478 regem
440 442 575 467 eorum
596 428 758 466 obuium
775 443 782 465 :
804 427 1008 477 primoque
1024 428 1121 465 duas
1138 426 1310 476 legiones
1326 439 1415 464 cum
1429 425 1613 463 omnibus

290 493 581 544 impedimentis
616 492 898 541 tormentisque
932 501 970 530 et
1001 492 1176 530 Statiano
1206 493 1332 541 legato
1361 490 1500 536 amisit,
1524 503 1615 528 mox

289 558 443 608 saepius
463 558 546 608 ipse
566 572 656 596 cum
677 571 832 595 summo
859 557 977 595 totius
1004 556 1192 595 exercitus
1212 555 1435 595 discrimine
1456 568 1502 593 ea
1520 554 1616 593 adiit

290 623 472 673 pericula,
495 637 518 660 a
539 622 682 672 quibus
703 621 845 659 seruari
873 635 913 659 se
945 634 1060 670 posse
1087 623 1371 670 desperauerat‚
1393 619 1615 668 amissaque

290 702 370 727 non
409 688 538 725 minus
577 695 713 736 quarta
750 695 857 736 parte
896 686 1062 724 militum
1101 685 1246 735 captiui
1290 685 1505 731 cuiusdam,
1546 686 1615 722 sed

291 753 474 799 Romani,
506 752 670 791 consilio
700 765 746 789 ac
780 752 857 789 fide
887 759 1061 789 seruatus
1089 756 1151 797 est,
1184 750 1251 799 qui
1279 751 1390 788 clade
1420 748 1616 789 Crassiani

290 819 479 858 exercitus
493 826 736 867 captus,cum
752 817 948 854 fortunam
963 829 1042 853 non
1056 815 1231 853 animum
1245 823 1443 862 mutasset,
1453 814 1616 852 accessit

290 892 406 923 nocte
433 884 483 921 ad
513 882 721 920 stationem
753 883 976 919 Romanam
1006 880 1285 930 praedixitque,
1308 894 1357 918 ne
1378 879 1615 918 destinatum

290 948 361 986 iter
398 955 585 997 peterent,
619 947 688 984 sed
719 945 875 983 diuerso
910 944 1154 993 siluestrique
1190 942 1310 996 [loco]
1345 945 1612 993 peruaderent.

253 1028 269 1058 3
290 1015 366 1052 hoc
388 1015 443 1050 M.
467 1011 643 1050 Antonio
667 1013 789 1055 †acto
810 1010 882 1048 illis
903 1010 1122 1060 legionibus
1143 1009 1256 1047 saluti
1276 1009 1369 1047 fuit:
1404 1010 1454 1047 de
1474 1008 1616 1058 quibus

290 1087 423 1117 tamen
450 1086 612 1126 totoque
647 1076 815 1114 exercitu
846 1077 952 1114 haud
982 1075 1111 1113 minus
1145 1088 1232 1124 pars
1264 1083 1410 1124 quarta,
1442 1082 1483 1111 ut
1512 1087 1618 1123 prae—

291 1144 470 1189 diximus,
512 1142 691 1189 militum,
736 1143 919 1179 calonum
970 1140 1195 1189 seruitiique
1244 1139 1463 1178 desiderata
1507 1138 1618 1177 tertia

290 1216 348 1246 est
363 1223 372 1255 3
419 1206 791 1257 impedimentorum
831 1205 894 1243 uix
942 1207 1020 1243 ulla
1067 1204 1263 1254 superfuit.
1341 1205 1443 1241 hanc
1486 1212 1616 1241 tamen

290 1272 488 1311 Antonius
508 1274 639 1322 fugam
661 1285 783 1318 suam,
801 1271 893 1320 quia
908 1271 1021 1309 uiuos
1042 1270 1194 1316 exierat,
1212 1269 1415 1308 uictoriam
1436 1269 1614 1307 uocabat.

291 1338 358 1388 qui
388 1337 499 1376 tertia
529 1344 674 1375 aestate
708 1350 884 1374 reuersus
909 1335 948 1373 in
980 1335 1207 1373 Armeniam
1239 1348 1368 1384 regern
1398 1334 1480 1372 eius
1510 1335 1618 1371 Arta-

291 1404 439 1441 uasden
461 1403 596 1439 fraude
617 1403 827 1450 deceptum
845 1400 1002 1447 eatenis,
1021 1401 1101 1447 sed,
1120 1414 1169 1437 ne
1185 1399 1280 1449 quid
1296 1398 1436 1437 honori
1452 1400 1616 1443 deesset,

291 1467 416 1505 aureis
451 1466 583 1504 uinxit.
643 1473 842 1503 crescente
873 1464 1018 1503 deinde
1049 1473 1087 1503 et
1117 1463 1259 1502 amoris
1294 1463 1334 1501 in
1368 1464 1618 1512 Cleopatram

292 1530 476 1570 incendio
504 1538 542 1568 et
567 1529 763 1576 uitiorum,
789 1543 890 1579 quae
921 1542 1074 1578 semper
1106 1527 1353 1566 facultatibus
1384 1526 1619 1575 licentiaque

292 1604 330 1634 et
376 1594 715 1634 adsentationibus
759 1595 925 1640 aluntur,
967 1592 1247 1642 magnitudine,
1288 1593 1434 1630 bellum
1473 1590 1618 1640 patriae

292 1659 431 1698 inferre
470 1658 681 1705 constituit,
714 1672 804 1696 cum
842 1666 932 1695 ante
971 1671 1120 1696 nouum
1159 1671 1200 1695 se
1235 1657 1420 1695 Liberum
1464 1658 1617 1694 Patrem

291 1724 477 1774 appellari
497 1723 681 1770 iussisset,
704 1737 794 1761 cum
815 1722 1016 1761 redimitus
1037 1722 1190 1761 hederis
1212 1730 1447 1771 crocotaque
1468 1722 1618 1759 uelatus

291 1804 408 1828 aurea
428 1798 465 1827 et
486 1790 661 1838 thyrsum
682 1797 819 1827 tenens
841 1787 1121 1837 cothurnisque
1137 1787 1359 1825 succinctus
1376 1801 1488 1825 curru
1510 1787 1618 1824 uelut

293 1855 410 1893 Liber
430 1857 544 1892 Pater
563 1862 699 1892 uectus
720 1862 821 1892 esset
841 1853 1109 1900 Alexandriae.

347 1921 455 1957 Inter
488 1920 594 1956 hunc
624 1926 853 1968 apparatum
888 1917 977 1955 belli
1014 1919 1192 1963 Plancus,
1226 1930 1306 1955 non
1340 1916 1485 1955 iudicio
1517 1924 1620 1954 recta

340 2038 354 2057 1
381 2023 453 2058 ᾗ.
473 2026 545 2056 AP
660 2036 817 2064 egressus
834 2025 922 2055 AF:
951 2025 1122 2064 ingressus
1142 2024 1289 2055 Gelenius
1412 2034 1431 2063 5
1455 2025 1569 2064 sepius
1584 2023 1619 2054 A

294 2073 315 2101 6
339 2082 357 2101 a
374 2070 449 2101 add.
470 2070 644 2109 Kreysszg:
670 2080 687 2099 e
705 2070 824 2108 quibus
841 2069 999 2099 Heinsius
1150 2069 1169 2097 8
1194 2074 1246 2097 est
1262 2067 1336 2099 add.
1358 2068 1460 2098 Orelli
1601 2079 1622 2107 9

295 2115 428 2145 fortuna
449 2113 498 2144 P:
524 2113 655 2144 fortuna
671 2112 737 2142 BA
855 2123 892 2142 10
917 2112 1181 2151 predestinatum
1197 2111 1231 2141 A
1343 2122 1378 2141 11
1406 2110 1620 2150 siluestrique

294 2159 370 2189 loeo
387 2157 613 2197 peruaderent
628 2157 705 2186 loeo
716 2155 749 2185 A
770 2157 838 2195 (sz'cl
854 2167 861 2186 ι
892 2156 1105 2194 siluestrique
1123 2155 1350 2194 peruaderent
1366 2154 1399 2184 P
1491 2165 1528 2184 12
1548 2160 1620 2185 acto

294 2201 385 2232 AP:
409 2206 485 2231 octo
502 2199 632 2230 Aldus:
658 2210 696 2230 ac
713 2204 762 2229 tot
780 2199 920 2239 LipSius,
939 2199 996 2229 sed
1010 2199 1066 2228 uix
1079 2199 1159 2233 ,salis
1170 2198 1272 2238 placet
1281 2198 1494 2238 pleonasmus
1508 2198 1558 2227 ille
1573 2203 1622 2228 tot

298 2246 362 2275 illis
485 2254 522 2282 13
548 2244 636 2273 haud
661 2243 716 2280 bis,
734 2243 839 2282 priore
862 2243 957 2272 deleto
978 2242 1012 2273 A
1151 2252 1188 2279 14
1214 2242 1411 2280 seruitiique
1434 2240 1509 2279 ΑΡ,
1536 2241 1626 2280 quod

298 2300 364 2319 non
386 2298 489 2317 ausus
504 2297 581 2316 sum
603 2297 677 2316 cum
693 2286 821 2316 Krilzz'o
839 2292 900 2326 per
917 2296 1021 2315 unam
1044 2287 1060 2315 i
1077 2285 1215 2321 scribere,
1234 2295 1307 2315 cum
1332 2285 1533 2325 significetur
1550 2294 1622 2314 ser-

299 2342 428 2368 uorum,
449 2341 513 2361 non
530 2330 703 2360 seruitutis
781 2330 972 2360 desiderata
989 2329 1141 2359 ultimam
1159 2329 1297 2357 litteram
1315 2339 1333 2358 a
1350 2339 1393 2358 an
1411 2338 1450 2358 ae
1467 2328 1622 2366 habumt,

294 2381 352 2415 per
367 2375 502 2404 lituram
516 2385 581 2404 non
592 2374 690 2413 potui
702 2373 877 2409 discemere,
887 2374 966 2412 sort.
984 2373 1174 2403 desiderata
1191 2377 1242 2402 est
1259 2372 1357 2401 tertia
1462 2372 1500 2401 16
1525 2371 1622 2401 uiuos

299 2419 356 2449 A:
381 2419 479 2448 uiuus
499 2417 533 2447 P
632 2427 673 2456 23
697 2416 894 2456 appelariA
998 2420 1134 2446 crocota
1164 2415 1350 2446 Ruhnken:
1389 2424 1513 2445 corona
1542 2414 1622 2451 ΑΡ,

298 2461 389 2502 quod
402 2460 534 2501 Sauppe
549 2460 725 2491 mndicauit
739 2471 777 2490 ex
795 2459 891 2490 Ouid.
907 2459 1005 2491 Pont.
1022 2460 1066 2491 iv.
1087 2469 1135 2498 14.
1153 2468 1195 2498 55
1288 2468 1330 2497 24
1354 2459 1570 2497 coturnisque
1586 2457 1620 2488 A

942 2511 984 2554 96

1640 896 1677 918 10

1641 1539 1678 1561 20
